[
  {
    "id": "PRD_0001",
    "name": "Spaghetti Barilla 500g",
    "brand": "Barilla",
    "category": "pates",
    "subcategory": "spaghetti",
    "price": 1.45,
    "price_per_unit": 2.9,
    "unit": "kg",
    "quantity": "500g",
    "is_bio": false,
    "is_vegan": false,
    "is_available": true,
    "url": "https://drive.carrefour.fr/product/PRD_0001",
    "image_url": "https://images.carrefour.fr/PRD_0001.jpg"
  },
  {
    "id": "PRD_0002",
    "name": "Spaghetti Barilla 1kg",
    "brand": "Barilla",
    "category": "pates",
    "subcategory": "spaghetti",
    "price": 2.61,
    "price_per_unit": 2.61,
    "unit": "kg",
    "quantity": "1kg",
    "is_bio": false,
    "is_vegan": false,
    "is_available": true,
    "url": "https://drive.carrefour.fr/product/PRD_0002",
    "image_url": "https://images.carrefour.fr/PRD_0002.jpg"
  },
  {
    "id": "PRD_0003",
    "name": "Spaghetti Panzani 500g",
    "brand": "Panzani",
    "category": "pates",
    "subcategory": "spaghetti",
    "price": 1.29,
    "price_per_unit": 2.58,
    "unit": "kg",
    "quantity": "500g",
    "is_bio": false,
    "is_vegan": false,
    "is_available": true,
    "url": "https://drive.carrefour.fr/product/PRD_0003",
    "image_url": "https://images.carrefour.fr/PRD_0003.jpg"
  },
  {
    "id": "PRD_0004",
    "name": "Spaghetti Panzani 1kg",
    "brand": "Panzani",
    "category": "pates",
    "subcategory": "spaghetti",
    "price": 2.32,
    "price_per_unit": 2.32,
    "unit": "kg",
    "quantity": "1kg",
    "is_bio": false,
    "is_vegan": false,
    "is_available": true,
    "url": "https://drive.carrefour.fr/product/PRD_0004",
    "image_url": "https://images.carrefour.fr/PRD_0004.jpg"
  },
  {
    "id": "PRD_0005",
    "name": "Spaghetti Lustucru 500g",
    "brand": "Lustucru",
    "category": "pates",
    "subcategory": "spaghetti",
    "price": 1.35,
    "price_per_unit": 2.7,
    "unit": "kg",
    "quantity": "500g",
    "is_bio": false,
    "is_vegan": false,
    "is_available": true,
    "url": "https://drive.carrefour.fr/product/PRD_0005",
    "image_url": "https://images.carrefour.fr/PRD_0005.jpg"
  },
  {
    "id": "PRD_0006",
    "name": "Spaghetti De Cecco 500g",
    "brand": "De Cecco",
    "category": "pates",
    "subcategory": "spaghetti",
    "price": 2.15,
    "price_per_unit": 4.3,
    "unit": "kg",
    "quantity": "500g",
    "is_bio": false,
    "is_vegan": false,
    "is_available": true,
    "url": "https://drive.carrefour.fr/product/PRD_0006",
    "image_url": "https://images.carrefour.fr/PRD_0006.jpg"
  },
  {
    "id": "PRD_0007",
    "name": "Spaghetti Carrefour Bio 500g",
    "brand": "Carrefour Bio",
    "category": "pates",
    "subcategory": "spaghetti",
    "price": 1.89,
    "price_per_unit": 3.78,
    "unit": "kg",
    "quantity": "500g",
    "is_bio": true,
    "is_vegan": false,
    "is_available": true,
    "url": "https://drive.carrefour.fr/product/PRD_0007",
    "image_url": "https://images.carrefour.fr/PRD_0007.jpg"
  },
  {
    "id": "PRD_0008",
    "name": "Penne Barilla 500g",
    "brand": "Barilla",
    "category": "pates",
    "subcategory": "penne",
    "price": 1.49,
    "price_per_unit": 2.98,
    "unit": "kg",
    "quantity": "500g",
    "is_bio": false,
    "is_vegan": false,
    "is_available": true,
    "url": "https://drive.carrefour.fr/product/PRD_0008",
    "image_url": "https://images.carrefour.fr/PRD_0008.jpg"
  },
  {
    "id": "PRD_0009",
    "name": "Penne Barilla 1kg",
    "brand": "Barilla",
    "category": "pates",
    "subcategory": "penne",
    "price": 2.68,
    "price_per_unit": 2.68,
    "unit": "kg",
    "quantity": "1kg",
    "is_bio": false,
    "is_vegan": false,
    "is_available": true,
    "url": "https://drive.carrefour.fr/product/PRD_0009",
    "image_url": "https://images.carrefour.fr/PRD_0009.jpg"
  },
  {
    "id": "PRD_0010",
    "name": "Penne Panzani 500g",
    "brand": "Panzani",
    "category": "pates",
    "subcategory": "penne",
    "price": 1.25,
    "price_per_unit": 2.5,
    "unit": "kg",
    "quantity": "500g",
    "is_bio": false,
    "is_vegan": false,
    "is_available": true,
    "url": "https://drive.carrefour.fr/product/PRD_0010",
    "image_url": "https://images.carrefour.fr/PRD_0010.jpg"
  },
  {
    "id": "PRD_0011",
    "name": "Penne Lustucru 500g",
    "brand": "Lustucru",
    "category": "pates",
    "subcategory": "penne",
    "price": 1.39,
    "price_per_unit": 2.78,
    "unit": "kg",
    "quantity": "500g",
    "is_bio": false,
    "is_vegan": false,
    "is_available": true,
    "url": "https://drive.carrefour.fr/product/PRD_0011",
    "image_url": "https://images.carrefour.fr/PRD_0011.jpg"
  },
  {
    "id": "PRD_0012",
    "name": "Penne Carrefour 500g",
    "brand": "Carrefour",
    "category": "pates",
    "subcategory": "penne",
    "price": 0.89,
    "price_per_unit": 1.78,
    "unit": "kg",
    "quantity": "500g",
    "is_bio": false,
    "is_vegan": false,
    "is_available": true,
    "url": "https://drive.carrefour.fr/product/PRD_0012",
    "image_url": "https://images.carrefour.fr/PRD_0012.jpg"
  },
  {
    "id": "PRD_0013",
    "name": "Fusilli Barilla 500g",
    "brand": "Barilla",
    "category": "pates",
    "subcategory": "fusilli",
    "price": 1.49,
    "price_per_unit": 2.98,
    "unit": "kg",
    "quantity": "500g",
    "is_bio": false,
    "is_vegan": false,
    "is_available": true,
    "url": "https://drive.carrefour.fr/product/PRD_0013",
    "image_url": "https://images.carrefour.fr/PRD_0013.jpg"
  },
  {
    "id": "PRD_0014",
    "name": "Fusilli Panzani 500g",
    "brand": "Panzani",
    "category": "pates",
    "subcategory": "fusilli",
    "price": 1.29,
    "price_per_unit": 2.58,
    "unit": "kg",
    "quantity": "500g",
    "is_bio": false,
    "is_vegan": false,
    "is_available": true,
    "url": "https://drive.carrefour.fr/product/PRD_0014",
    "image_url": "https://images.carrefour.fr/PRD_0014.jpg"
  },
  {
    "id": "PRD_0015",
    "name": "Fusilli Carrefour Bio 500g",
    "brand": "Carrefour Bio",
    "category": "pates",
    "subcategory": "fusilli",
    "price": 1.95,
    "price_per_unit": 3.9,
    "unit": "kg",
    "quantity": "500g",
    "is_bio": true,
    "is_vegan": false,
    "is_available": true,
    "url": "https://drive.carrefour.fr/product/PRD_0015",
    "image_url": "https://images.carrefour.fr/PRD_0015.jpg"
  },
  {
    "id": "PRD_0016",
    "name": "Tagliatelles Barilla 500g",
    "brand": "Barilla",
    "category": "pates",
    "subcategory": "tagliatelles",
    "price": 1.89,
    "price_per_unit": 3.78,
    "unit": "kg",
    "quantity": "500g",
    "is_bio": false,
    "is_vegan": false,
    "is_available": true,
    "url": "https://drive.carrefour.fr/product/PRD_0016",
    "image_url": "https://images.carrefour.fr/PRD_0016.jpg"
  },
  {
    "id": "PRD_0017",
    "name": "Tagliatelles Lustucru 250g",
    "brand": "Lustucru",
    "category": "pates",
    "subcategory": "tagliatelles",
    "price": 1.65,
    "price_per_unit": 6.6,
    "unit": "kg",
    "quantity": "250g",
    "is_bio": false,
    "is_vegan": false,
    "is_available": true,
    "url": "https://drive.carrefour.fr/product/PRD_0017",
    "image_url": "https://images.carrefour.fr/PRD_0017.jpg"
  },
  {
    "id": "PRD_0018",
    "name": "Tagliatelles Lustucru 500g",
    "brand": "Lustucru",
    "category": "pates",
    "subcategory": "tagliatelles",
    "price": 1.57,
    "price_per_unit": 3.14,
    "unit": "kg",
    "quantity": "500g",
    "is_bio": false,
    "is_vegan": false,
    "is_available": true,
    "url": "https://drive.carrefour.fr/product/PRD_0018",
    "image_url": "https://images.carrefour.fr/PRD_0018.jpg"
  },
  {
    "id": "PRD_0019",
    "name": "Tagliatelles Panzani 500g",
    "brand": "Panzani",
    "category": "pates",
    "subcategory": "tagliatelles",
    "price": 1.55,
    "price_per_unit": 3.1,
    "unit": "kg",
    "quantity": "500g",
    "is_bio": false,
    "is_vegan": false,
    "is_available": true,
    "url": "https://drive.carrefour.fr/product/PRD_0019",
    "image_url": "https://images.carrefour.fr/PRD_0019.jpg"
  },
  {
    "id": "PRD_0020",
    "name": "Coquillettes Panzani 500g",
    "brand": "Panzani",
    "category": "pates",
    "subcategory": "coquillettes",
    "price": 1.19,
    "price_per_unit": 2.38,
    "unit": "kg",
    "quantity": "500g",
    "is_bio": false,
    "is_vegan": false,
    "is_available": true,
    "url": "https://drive.carrefour.fr/product/PRD_0020",
    "image_url": "https://images.carrefour.fr/PRD_0020.jpg"
  },
  {
    "id": "PRD_0021",
    "name": "Coquillettes Panzani 1kg",
    "brand": "Panzani",
    "category": "pates",
    "subcategory": "coquillettes",
    "price": 2.14,
    "price_per_unit": 2.14,
    "unit": "kg",
    "quantity": "1kg",
    "is_bio": false,
    "is_vegan": false,
    "is_available": true,
    "url": "https://drive.carrefour.fr/product/PRD_0021",
    "image_url": "https://images.carrefour.fr/PRD_0021.jpg"
  },
  {
    "id": "PRD_0022",
    "name": "Coquillettes Lustucru 500g",
    "brand": "Lustucru",
    "category": "pates",
    "subcategory": "coquillettes",
    "price": 1.29,
    "price_per_unit": 2.58,
    "unit": "kg",
    "quantity": "500g",
    "is_bio": false,
    "is_vegan": false,
    "is_available": true,
    "url": "https://drive.carrefour.fr/product/PRD_0022",
    "image_url": "https://images.carrefour.fr/PRD_0022.jpg"
  },
  {
    "id": "PRD_0023",
    "name": "Coquillettes Carrefour 500g",
    "brand": "Carrefour",
    "category": "pates",
    "subcategory": "coquillettes",
    "price": 0.79,
    "price_per_unit": 1.58,
    "unit": "kg",
    "quantity": "500g",
    "is_bio": false,
    "is_vegan": false,
    "is_available": true,
    "url": "https://drive.carrefour.fr/product/PRD_0023",
    "image_url": "https://images.carrefour.fr/PRD_0023.jpg"
  },
  {
    "id": "PRD_0024",
    "name": "Lasagnes Barilla 500g",
    "brand": "Barilla",
    "category": "pates",
    "subcategory": "lasagnes",
    "price": 2.35,
    "price_per_unit": 4.7,
    "unit": "kg",
    "quantity": "500g",
    "is_bio": false,
    "is_vegan": false,
    "is_available": true,
    "url": "https://drive.carrefour.fr/product/PRD_0024",
    "image_url": "https://images.carrefour.fr/PRD_0024.jpg"
  },
  {
    "id": "PRD_0025",
    "name": "Lasagnes Panzani 500g",
    "brand": "Panzani",
    "category": "pates",
    "subcategory": "lasagnes",
    "price": 1.99,
    "price_per_unit": 3.98,
    "unit": "kg",
    "quantity": "500g",
    "is_bio": false,
    "is_vegan": false,
    "is_available": true,
    "url": "https://drive.carrefour.fr/product/PRD_0025",
    "image_url": "https://images.carrefour.fr/PRD_0025.jpg"
  },
  {
    "id": "PRD_0026",
    "name": "Basmati Taureau Ailé 500g",
    "brand": "Taureau Ailé",
    "category": "riz",
    "subcategory": "basmati",
    "price": 2.49,
    "price_per_unit": 4.98,
    "unit": "kg",
    "quantity": "500g",
    "is_bio": false,
    "is_vegan": false,
    "is_available": true,
    "url": "https://drive.carrefour.fr/product/PRD_0026",
    "image_url": "https://images.carrefour.fr/PRD_0026.jpg"
  },
  {
    "id": "PRD_0027",
    "name": "Basmati Taureau Ailé 1kg",
    "brand": "Taureau Ailé",
    "category": "riz",
    "subcategory": "basmati",
    "price": 4.48,
    "price_per_unit": 4.48,
    "unit": "kg",
    "quantity": "1kg",
    "is_bio": false,
    "is_vegan": false,
    "is_available": true,
    "url": "https://drive.carrefour.fr/product/PRD_0027",
    "image_url": "https://images.carrefour.fr/PRD_0027.jpg"
  },
  {
    "id": "PRD_0028",
    "name": "Basmati Uncle Ben's 500g",
    "brand": "Uncle Ben's",
    "category": "riz",
    "subcategory": "basmati",
    "price": 2.89,
    "price_per_unit": 5.78,
    "unit": "kg",
    "quantity": "500g",
    "is_bio": false,
    "is_vegan": false,
    "is_available": true,
    "url": "https://drive.carrefour.fr/product/PRD_0028",
    "image_url": "https://images.carrefour.fr/PRD_0028.jpg"
  },
  {
    "id": "PRD_0029",
    "name": "Basmati Uncle Ben's 1kg",
    "brand": "Uncle Ben's",
    "category": "riz",
    "subcategory": "basmati",
    "price": 5.2,
    "price_per_unit": 5.2,
    "unit": "kg",
    "quantity": "1kg",
    "is_bio": false,
    "is_vegan": false,
    "is_available": true,
    "url": "https://drive.carrefour.fr/product/PRD_0029",
    "image_url": "https://images.carrefour.fr/PRD_0029.jpg"
  },
  {
    "id": "PRD_0030",
    "name": "Basmati Carrefour 1kg",
    "brand": "Carrefour",
    "category": "riz",
    "subcategory": "basmati",
    "price": 3.58,
    "price_per_unit": 3.58,
    "unit": "kg",
    "quantity": "1kg",
    "is_bio": false,
    "is_vegan": false,
    "is_available": true,
    "url": "https://drive.carrefour.fr/product/PRD_0030",
    "image_url": "https://images.carrefour.fr/PRD_0030.jpg"
  },
  {
    "id": "PRD_0031",
    "name": "Basmati Carrefour Bio 500g",
    "brand": "Carrefour Bio",
    "category": "riz",
    "subcategory": "basmati",
    "price": 2.79,
    "price_per_unit": 5.58,
    "unit": "kg",
    "quantity": "500g",
    "is_bio": true,
    "is_vegan": false,
    "is_available": true,
    "url": "https://drive.carrefour.fr/product/PRD_0031",
    "image_url": "https://images.carrefour.fr/PRD_0031.jpg"
  },
  {
    "id": "PRD_0032",
    "name": "Long Grain Uncle Ben's 500g",
    "brand": "Uncle Ben's",
    "category": "riz",
    "subcategory": "long_grain",
    "price": 2.19,
    "price_per_unit": 4.38,
    "unit": "kg",
    "quantity": "500g",
    "is_bio": false,
    "is_vegan": false,
    "is_available": true,
    "url": "https://drive.carrefour.fr/product/PRD_0032",
    "image_url": "https://images.carrefour.fr/PRD_0032.jpg"
  },
  {
    "id": "PRD_0033",
    "name": "Long Grain Uncle Ben's 1kg",
    "brand": "Uncle Ben's",
    "category": "riz",
    "subcategory": "long_grain",
    "price": 3.94,
    "price_per_unit": 3.94,
    "unit": "kg",
    "quantity": "1kg",
    "is_bio": false,
    "is_vegan": false,
    "is_available": true,
    "url": "https://drive.carrefour.fr/product/PRD_0033",
    "image_url": "https://images.carrefour.fr/PRD_0033.jpg"
  },
  {
    "id": "PRD_0034",
    "name": "Long Grain Taureau Ailé 1kg",
    "brand": "Taureau Ailé",
    "category": "riz",
    "subcategory": "long_grain",
    "price": 3.4,
    "price_per_unit": 3.4,
    "unit": "kg",
    "quantity": "1kg",
    "is_bio": false,
    "is_vegan": false,
    "is_available": true,
    "url": "https://drive.carrefour.fr/product/PRD_0034",
    "image_url": "https://images.carrefour.fr/PRD_0034.jpg"
  },
  {
    "id": "PRD_0035",
    "name": "Long Grain Carrefour 1kg",
    "brand": "Carrefour",
    "category": "riz",
    "subcategory": "long_grain",
    "price": 2.32,
    "price_per_unit": 2.32,
    "unit": "kg",
    "quantity": "1kg",
    "is_bio": false,
    "is_vegan": false,
    "is_available": true,
    "url": "https://drive.carrefour.fr/product/PRD_0035",
    "image_url": "https://images.carrefour.fr/PRD_0035.jpg"
  },
  {
    "id": "PRD_0036",
    "name": "Risotto Riso Gallo 500g",
    "brand": "Riso Gallo",
    "category": "riz",
    "subcategory": "risotto",
    "price": 2.99,
    "price_per_unit": 5.98,
    "unit": "kg",
    "quantity": "500g",
    "is_bio": false,
    "is_vegan": false,
    "is_available": true,
    "url": "https://drive.carrefour.fr/product/PRD_0036",
    "image_url": "https://images.carrefour.fr/PRD_0036.jpg"
  },
  {
    "id": "PRD_0037",
    "name": "Risotto Carrefour 500g",
    "brand": "Carrefour",
    "category": "riz",
    "subcategory": "risotto",
    "price": 2.15,
    "price_per_unit": 4.3,
    "unit": "kg",
    "quantity": "500g",
    "is_bio": false,
    "is_vegan": false,
    "is_available": true,
    "url": "https://drive.carrefour.fr/product/PRD_0037",
    "image_url": "https://images.carrefour.fr/PRD_0037.jpg"
  },
  {
    "id": "PRD_0038",
    "name": "Thai Taureau Ailé 500g",
    "brand": "Taureau Ailé",
    "category": "riz",
    "subcategory": "thai",
    "price": 2.69,
    "price_per_unit": 5.38,
    "unit": "kg",
    "quantity": "500g",
    "is_bio": false,
    "is_vegan": false,
    "is_available": true,
    "url": "https://drive.carrefour.fr/product/PRD_0038",
    "image_url": "https://images.carrefour.fr/PRD_0038.jpg"
  },
  {
    "id": "PRD_0039",
    "name": "Thai Carrefour Bio 500g",
    "brand": "Carrefour Bio",
    "category": "riz",
    "subcategory": "thai",
    "price": 3.29,
    "price_per_unit": 6.58,
    "unit": "kg",
    "quantity": "500g",
    "is_bio": true,
    "is_vegan": false,
    "is_available": true,
    "url": "https://drive.carrefour.fr/product/PRD_0039",
    "image_url": "https://images.carrefour.fr/PRD_0039.jpg"
  },
  {
    "id": "PRD_0040",
    "name": "Complet Taureau Ailé 500g",
    "brand": "Taureau Ailé",
    "category": "riz",
    "subcategory": "complet",
    "price": 2.39,
    "price_per_unit": 4.78,
    "unit": "kg",
    "quantity": "500g",
    "is_bio": false,
    "is_vegan": false,
    "is_available": true,
    "url": "https://drive.carrefour.fr/product/PRD_0040",
    "image_url": "https://images.carrefour.fr/PRD_0040.jpg"
  },
  {
    "id": "PRD_0041",
    "name": "Complet Taureau Ailé 1kg",
    "brand": "Taureau Ailé",
    "category": "riz",
    "subcategory": "complet",
    "price": 4.3,
    "price_per_unit": 4.3,
    "unit": "kg",
    "quantity": "1kg",
    "is_bio": false,
    "is_vegan": false,
    "is_available": true,
    "url": "https://drive.carrefour.fr/product/PRD_0041",
    "image_url": "https://images.carrefour.fr/PRD_0041.jpg"
  },
  {
    "id": "PRD_0042",
    "name": "Complet Carrefour Bio 500g",
    "brand": "Carrefour Bio",
    "category": "riz",
    "subcategory": "complet",
    "price": 2.89,
    "price_per_unit": 5.78,
    "unit": "kg",
    "quantity": "500g",
    "is_bio": true,
    "is_vegan": false,
    "is_available": true,
    "url": "https://drive.carrefour.fr/product/PRD_0042",
    "image_url": "https://images.carrefour.fr/PRD_0042.jpg"
  },
  {
    "id": "PRD_0043",
    "name": "Demi Ecreme Lactel 1L",
    "brand": "Lactel",
    "category": "lait",
    "subcategory": "demi_ecreme",
    "price": 1.96,
    "price_per_unit": 1.96,
    "unit": "L",
    "quantity": "1L",
    "is_bio": false,
    "is_vegan": false,
    "is_available": true,
    "url": "https://drive.carrefour.fr/product/PRD_0043",
    "image_url": "https://images.carrefour.fr/PRD_0043.jpg"
  },
  {
    "id": "PRD_0044",
    "name": "Demi Ecreme Lactel 6x1L",
    "brand": "Lactel",
    "category": "lait",
    "subcategory": "demi_ecreme",
    "price": 1.96,
    "price_per_unit": 0.33,
    "unit": "unité",
    "quantity": "6x1L",
    "is_bio": false,
    "is_vegan": false,
    "is_available": true,
    "url": "https://drive.carrefour.fr/product/PRD_0044",
    "image_url": "https://images.carrefour.fr/PRD_0044.jpg"
  },
  {
    "id": "PRD_0045",
    "name": "Demi Ecreme Candia 1L",
    "brand": "Candia",
    "category": "lait",
    "subcategory": "demi_ecreme",
    "price": 2.07,
    "price_per_unit": 2.07,
    "unit": "L",
    "quantity": "1L",
    "is_bio": false,
    "is_vegan": false,
    "is_available": true,
    "url": "https://drive.carrefour.fr/product/PRD_0045",
    "image_url": "https://images.carrefour.fr/PRD_0045.jpg"
  },
  {
    "id": "PRD_0046",
    "name": "Demi Ecreme Candia 6x1L",
    "brand": "Candia",
    "category": "lait",
    "subcategory": "demi_ecreme",
    "price": 2.07,
    "price_per_unit": 0.34,
    "unit": "unité",
    "quantity": "6x1L",
    "is_bio": false,
    "is_vegan": false,
    "is_available": true,
    "url": "https://drive.carrefour.fr/product/PRD_0046",
    "image_url": "https://images.carrefour.fr/PRD_0046.jpg"
  },
  {
    "id": "PRD_0047",
    "name": "Demi Ecreme Carrefour 1L",
    "brand": "Carrefour",
    "category": "lait",
    "subcategory": "demi_ecreme",
    "price": 1.6,
    "price_per_unit": 1.6,
    "unit": "L",
    "quantity": "1L",
    "is_bio": false,
    "is_vegan": false,
    "is_available": true,
    "url": "https://drive.carrefour.fr/product/PRD_0047",
    "image_url": "https://images.carrefour.fr/PRD_0047.jpg"
  },
  {
    "id": "PRD_0048",
    "name": "Demi Ecreme Carrefour 6x1L",
    "brand": "Carrefour",
    "category": "lait",
    "subcategory": "demi_ecreme",
    "price": 1.6,
    "price_per_unit": 0.27,
    "unit": "unité",
    "quantity": "6x1L",
    "is_bio": false,
    "is_vegan": false,
    "is_available": true,
    "url": "https://drive.carrefour.fr/product/PRD_0048",
    "image_url": "https://images.carrefour.fr/PRD_0048.jpg"
  },
  {
    "id": "PRD_0049",
    "name": "Demi Ecreme Carrefour Bio 1L",
    "brand": "Carrefour Bio",
    "category": "lait",
    "subcategory": "demi_ecreme",
    "price": 2.68,
    "price_per_unit": 2.68,
    "unit": "L",
    "quantity": "1L",
    "is_bio": true,
    "is_vegan": false,
    "is_available": true,
    "url": "https://drive.carrefour.fr/product/PRD_0049",
    "image_url": "https://images.carrefour.fr/PRD_0049.jpg"
  },
  {
    "id": "PRD_0050",
    "name": "Entier Lactel 1L",
    "brand": "Lactel",
    "category": "lait",
    "subcategory": "entier",
    "price": 2.14,
    "price_per_unit": 2.14,
    "unit": "L",
    "quantity": "1L",
    "is_bio": false,
    "is_vegan": false,
    "is_available": true,
    "url": "https://drive.carrefour.fr/product/PRD_0050",
    "image_url": "https://images.carrefour.fr/PRD_0050.jpg"
  },
  {
    "id": "PRD_0051",
    "name": "Entier Candia 1L",
    "brand": "Candia",
    "category": "lait",
    "subcategory": "entier",
    "price": 2.25,
    "price_per_unit": 2.25,
    "unit": "L",
    "quantity": "1L",
    "is_bio": false,
    "is_vegan": false,
    "is_available": true,
    "url": "https://drive.carrefour.fr/product/PRD_0051",
    "image_url": "https://images.carrefour.fr/PRD_0051.jpg"
  },
  {
    "id": "PRD_0052",
    "name": "Entier Carrefour 1L",
    "brand": "Carrefour",
    "category": "lait",
    "subcategory": "entier",
    "price": 1.71,
    "price_per_unit": 1.71,
    "unit": "L",
    "quantity": "1L",
    "is_bio": false,
    "is_vegan": false,
    "is_available": true,
    "url": "https://drive.carrefour.fr/product/PRD_0052",
    "image_url": "https://images.carrefour.fr/PRD_0052.jpg"
  },
  {
    "id": "PRD_0053",
    "name": "Ecreme Lactel 1L",
    "brand": "Lactel",
    "category": "lait",
    "subcategory": "ecreme",
    "price": 1.89,
    "price_per_unit": 1.89,
    "unit": "L",
    "quantity": "1L",
    "is_bio": false,
    "is_vegan": false,
    "is_available": true,
    "url": "https://drive.carrefour.fr/product/PRD_0053",
    "image_url": "https://images.carrefour.fr/PRD_0053.jpg"
  },
  {
    "id": "PRD_0054",
    "name": "Ecreme Candia 1L",
    "brand": "Candia",
    "category": "lait",
    "subcategory": "ecreme",
    "price": 1.96,
    "price_per_unit": 1.96,
    "unit": "L",
    "quantity": "1L",
    "is_bio": false,
    "is_vegan": false,
    "is_available": true,
    "url": "https://drive.carrefour.fr/product/PRD_0054",
    "image_url": "https://images.carrefour.fr/PRD_0054.jpg"
  },
  {
    "id": "PRD_0055",
    "name": "Ecreme Carrefour 1L",
    "brand": "Carrefour",
    "category": "lait",
    "subcategory": "ecreme",
    "price": 1.53,
    "price_per_unit": 1.53,
    "unit": "L",
    "quantity": "1L",
    "is_bio": false,
    "is_vegan": false,
    "is_available": true,
    "url": "https://drive.carrefour.fr/product/PRD_0055",
    "image_url": "https://images.carrefour.fr/PRD_0055.jpg"
  },
  {
    "id": "PRD_0056",
    "name": "Vegetal Avoine Oatly 1L",
    "brand": "Oatly",
    "category": "lait",
    "subcategory": "vegetal_avoine",
    "price": 4.48,
    "price_per_unit": 4.48,
    "unit": "L",
    "quantity": "1L",
    "is_bio": false,
    "is_vegan": true,
    "is_available": true,
    "url": "https://drive.carrefour.fr/product/PRD_0056",
    "image_url": "https://images.carrefour.fr/PRD_0056.jpg"
  },
  {
    "id": "PRD_0057",
    "name": "Vegetal Avoine Alpro 1L",
    "brand": "Alpro",
    "category": "lait",
    "subcategory": "vegetal_avoine",
    "price": 4.12,
    "price_per_unit": 4.12,
    "unit": "L",
    "quantity": "1L",
    "is_bio": false,
    "is_vegan": true,
    "is_available": false,
    "url": "https://drive.carrefour.fr/product/PRD_0057",
    "image_url": "https://images.carrefour.fr/PRD_0057.jpg"
  },
  {
    "id": "PRD_0058",
    "name": "Vegetal Avoine Bjorg 1L",
    "brand": "Bjorg",
    "category": "lait",
    "subcategory": "vegetal_avoine",
    "price": 4.3,
    "price_per_unit": 4.3,
    "unit": "L",
    "quantity": "1L",
    "is_bio": true,
    "is_vegan": true,
    "is_available": true,
    "url": "https://drive.carrefour.fr/product/PRD_0058",
    "image_url": "https://images.carrefour.fr/PRD_0058.jpg"
  },
  {
    "id": "PRD_0059",
    "name": "Vegetal Soja Alpro 1L",
    "brand": "Alpro",
    "category": "lait",
    "subcategory": "vegetal_soja",
    "price": 3.58,
    "price_per_unit": 3.58,
    "unit": "L",
    "quantity": "1L",
    "is_bio": false,
    "is_vegan": true,
    "is_available": true,
    "url": "https://drive.carrefour.fr/product/PRD_0059",
    "image_url": "https://images.carrefour.fr/PRD_0059.jpg"
  },
  {
    "id": "PRD_0060",
    "name": "Vegetal Soja Bjorg 1L",
    "brand": "Bjorg",
    "category": "lait",
    "subcategory": "vegetal_soja",
    "price": 3.94,
    "price_per_unit": 3.94,
    "unit": "L",
    "quantity": "1L",
    "is_bio": true,
    "is_vegan": true,
    "is_available": true,
    "url": "https://drive.carrefour.fr/product/PRD_0060",
    "image_url": "https://images.carrefour.fr/PRD_0060.jpg"
  },
  {
    "id": "PRD_0061",
    "name": "Vegetal Amande Alpro 1L",
    "brand": "Alpro",
    "category": "lait",
    "subcategory": "vegetal_amande",
    "price": 4.66,
    "price_per_unit": 4.66,
    "unit": "L",
    "quantity": "1L",
    "is_bio": false,
    "is_vegan": true,
    "is_available": true,
    "url": "https://drive.carrefour.fr/product/PRD_0061",
    "image_url": "https://images.carrefour.fr/PRD_0061.jpg"
  },
  {
    "id": "PRD_0062",
    "name": "Vegetal Amande Bjorg 1L",
    "brand": "Bjorg",
    "category": "lait",
    "subcategory": "vegetal_amande",
    "price": 5.02,
    "price_per_unit": 5.02,
    "unit": "L",
    "quantity": "1L",
    "is_bio": true,
    "is_vegan": true,
    "is_available": true,
    "url": "https://drive.carrefour.fr/product/PRD_0062",
    "image_url": "https://images.carrefour.fr/PRD_0062.jpg"
  },
  {
    "id": "PRD_0063",
    "name": "Nature Danone x4",
    "brand": "Danone",
    "category": "yaourt",
    "subcategory": "nature",
    "price": 1.49,
    "price_per_unit": 1.49,
    "unit": "unité",
    "quantity": "x4",
    "is_bio": false,
    "is_vegan": false,
    "is_available": true,
    "url": "https://drive.carrefour.fr/product/PRD_0063",
    "image_url": "https://images.carrefour.fr/PRD_0063.jpg"
  },
  {
    "id": "PRD_0064",
    "name": "Nature Danone x12",
    "brand": "Danone",
    "category": "yaourt",
    "subcategory": "nature",
    "price": 3.28,
    "price_per_unit": 3.28,
    "unit": "unité",
    "quantity": "x12",
    "is_bio": false,
    "is_vegan": false,
    "is_available": true,
    "url": "https://drive.carrefour.fr/product/PRD_0064",
    "image_url": "https://images.carrefour.fr/PRD_0064.jpg"
  },
  {
    "id": "PRD_0065",
    "name": "Nature Yoplait x4",
    "brand": "Yoplait",
    "category": "yaourt",
    "subcategory": "nature",
    "price": 1.39,
    "price_per_unit": 1.39,
    "unit": "unité",
    "quantity": "x4",
    "is_bio": false,
    "is_vegan": false,
    "is_available": true,
    "url": "https://drive.carrefour.fr/product/PRD_0065",
    "image_url": "https://images.carrefour.fr/PRD_0065.jpg"
  },
  {
    "id": "PRD_0066",
    "name": "Nature Yoplait x8",
    "brand": "Yoplait",
    "category": "yaourt",
    "subcategory": "nature",
    "price": 2.5,
    "price_per_unit": 2.5,
    "unit": "unité",
    "quantity": "x8",
    "is_bio": false,
    "is_vegan": false,
    "is_available": true,
    "url": "https://drive.carrefour.fr/product/PRD_0066",
    "image_url": "https://images.carrefour.fr/PRD_0066.jpg"
  },
  {
    "id": "PRD_0067",
    "name": "Nature Carrefour x4",
    "brand": "Carrefour",
    "category": "yaourt",
    "subcategory": "nature",
    "price": 0.99,
    "price_per_unit": 0.99,
    "unit": "unité",
    "quantity": "x4",
    "is_bio": false,
    "is_vegan": false,
    "is_available": true,
    "url": "https://drive.carrefour.fr/product/PRD_0067",
    "image_url": "https://images.carrefour.fr/PRD_0067.jpg"
  },
  {
    "id": "PRD_0068",
    "name": "Nature Carrefour x12",
    "brand": "Carrefour",
    "category": "yaourt",
    "subcategory": "nature",
    "price": 2.18,
    "price_per_unit": 2.18,
    "unit": "unité",
    "quantity": "x12",
    "is_bio": false,
    "is_vegan": false,
    "is_available": true,
    "url": "https://drive.carrefour.fr/product/PRD_0068",
    "image_url": "https://images.carrefour.fr/PRD_0068.jpg"
  },
  {
    "id": "PRD_0069",
    "name": "Nature Carrefour Bio x4",
    "brand": "Carrefour Bio",
    "category": "yaourt",
    "subcategory": "nature",
    "price": 1.79,
    "price_per_unit": 1.79,
    "unit": "unité",
    "quantity": "x4",
    "is_bio": true,
    "is_vegan": false,
    "is_available": true,
    "url": "https://drive.carrefour.fr/product/PRD_0069",
    "image_url": "https://images.carrefour.fr/PRD_0069.jpg"
  },
  {
    "id": "PRD_0070",
    "name": "Fruits Danone x4",
    "brand": "Danone",
    "category": "yaourt",
    "subcategory": "fruits",
    "price": 2.19,
    "price_per_unit": 2.19,
    "unit": "unité",
    "quantity": "x4",
    "is_bio": false,
    "is_vegan": false,
    "is_available": true,
    "url": "https://drive.carrefour.fr/product/PRD_0070",
    "image_url": "https://images.carrefour.fr/PRD_0070.jpg"
  },
  {
    "id": "PRD_0071",
    "name": "Fruits Danone x8",
    "brand": "Danone",
    "category": "yaourt",
    "subcategory": "fruits",
    "price": 3.94,
    "price_per_unit": 3.94,
    "unit": "unité",
    "quantity": "x8",
    "is_bio": false,
    "is_vegan": false,
    "is_available": true,
    "url": "https://drive.carrefour.fr/product/PRD_0071",
    "image_url": "https://images.carrefour.fr/PRD_0071.jpg"
  },
  {
    "id": "PRD_0072",
    "name": "Fruits Yoplait Panier x4",
    "brand": "Yoplait Panier",
    "category": "yaourt",
    "subcategory": "fruits",
    "price": 2.49,
    "price_per_unit": 2.49,
    "unit": "unité",
    "quantity": "x4",
    "is_bio": false,
    "is_vegan": false,
    "is_available": true,
    "url": "https://drive.carrefour.fr/product/PRD_0072",
    "image_url": "https://images.carrefour.fr/PRD_0072.jpg"
  },
  {
    "id": "PRD_0073",
    "name": "Fruits Yoplait Panier x6",
    "brand": "Yoplait Panier",
    "category": "yaourt",
    "subcategory": "fruits",
    "price": 2.49,
    "price_per_unit": 2.49,
    "unit": "unité",
    "quantity": "x6",
    "is_bio": false,
    "is_vegan": false,
    "is_available": true,
    "url": "https://drive.carrefour.fr/product/PRD_0073",
    "image_url": "https://images.carrefour.fr/PRD_0073.jpg"
  },
  {
    "id": "PRD_0074",
    "name": "Fruits Mamie Nova x2",
    "brand": "Mamie Nova",
    "category": "yaourt",
    "subcategory": "fruits",
    "price": 1.89,
    "price_per_unit": 1.89,
    "unit": "unité",
    "quantity": "x2",
    "is_bio": false,
    "is_vegan": false,
    "is_available": true,
    "url": "https://drive.carrefour.fr/product/PRD_0074",
    "image_url": "https://images.carrefour.fr/PRD_0074.jpg"
  },
  {
    "id": "PRD_0075",
    "name": "Grec Fage 170g",
    "brand": "Fage",
    "category": "yaourt",
    "subcategory": "grec",
    "price": 1.99,
    "price_per_unit": 11.71,
    "unit": "kg",
    "quantity": "170g",
    "is_bio": false,
    "is_vegan": false,
    "is_available": false,
    "url": "https://drive.carrefour.fr/product/PRD_0075",
    "image_url": "https://images.carrefour.fr/PRD_0075.jpg"
  },
  {
    "id": "PRD_0076",
    "name": "Grec Fage 500g",
    "brand": "Fage",
    "category": "yaourt",
    "subcategory": "grec",
    "price": 1.89,
    "price_per_unit": 3.78,
    "unit": "kg",
    "quantity": "500g",
    "is_bio": false,
    "is_vegan": false,
    "is_available": true,
    "url": "https://drive.carrefour.fr/product/PRD_0076",
    "image_url": "https://images.carrefour.fr/PRD_0076.jpg"
  },
  {
    "id": "PRD_0077",
    "name": "Grec Carte d'Or x4",
    "brand": "Carte d'Or",
    "category": "yaourt",
    "subcategory": "grec",
    "price": 2.69,
    "price_per_unit": 2.69,
    "unit": "unité",
    "quantity": "x4",
    "is_bio": false,
    "is_vegan": false,
    "is_available": true,
    "url": "https://drive.carrefour.fr/product/PRD_0077",
    "image_url": "https://images.carrefour.fr/PRD_0077.jpg"
  },
  {
    "id": "PRD_0078",
    "name": "Grec Carrefour x4",
    "brand": "Carrefour",
    "category": "yaourt",
    "subcategory": "grec",
    "price": 1.89,
    "price_per_unit": 1.89,
    "unit": "unité",
    "quantity": "x4",
    "is_bio": false,
    "is_vegan": false,
    "is_available": true,
    "url": "https://drive.carrefour.fr/product/PRD_0078",
    "image_url": "https://images.carrefour.fr/PRD_0078.jpg"
  },
  {
    "id": "PRD_0079",
    "name": "Skyr Isey Skyr 150g",
    "brand": "Isey Skyr",
    "category": "yaourt",
    "subcategory": "skyr",
    "price": 1.69,
    "price_per_unit": 11.27,
    "unit": "kg",
    "quantity": "150g",
    "is_bio": false,
    "is_vegan": false,
    "is_available": true,
    "url": "https://drive.carrefour.fr/product/PRD_0079",
    "image_url": "https://images.carrefour.fr/PRD_0079.jpg"
  },
  {
    "id": "PRD_0080",
    "name": "Skyr Isey Skyr 450g",
    "brand": "Isey Skyr",
    "category": "yaourt",
    "subcategory": "skyr",
    "price": 1.69,
    "price_per_unit": 3.76,
    "unit": "kg",
    "quantity": "450g",
    "is_bio": false,
    "is_vegan": false,
    "is_available": true,
    "url": "https://drive.carrefour.fr/product/PRD_0080",
    "image_url": "https://images.carrefour.fr/PRD_0080.jpg"
  },
  {
    "id": "PRD_0081",
    "name": "Skyr Danone Skyr x4",
    "brand": "Danone Skyr",
    "category": "yaourt",
    "subcategory": "skyr",
    "price": 2.99,
    "price_per_unit": 2.99,
    "unit": "unité",
    "quantity": "x4",
    "is_bio": false,
    "is_vegan": false,
    "is_available": false,
    "url": "https://drive.carrefour.fr/product/PRD_0081",
    "image_url": "https://images.carrefour.fr/PRD_0081.jpg"
  },
  {
    "id": "PRD_0082",
    "name": "Bifidus Activia x4",
    "brand": "Activia",
    "category": "yaourt",
    "subcategory": "bifidus",
    "price": 2.79,
    "price_per_unit": 2.79,
    "unit": "unité",
    "quantity": "x4",
    "is_bio": false,
    "is_vegan": false,
    "is_available": true,
    "url": "https://drive.carrefour.fr/product/PRD_0082",
    "image_url": "https://images.carrefour.fr/PRD_0082.jpg"
  },
  {
    "id": "PRD_0083",
    "name": "Bifidus Activia x12",
    "brand": "Activia",
    "category": "yaourt",
    "subcategory": "bifidus",
    "price": 6.14,
    "price_per_unit": 6.14,
    "unit": "unité",
    "quantity": "x12",
    "is_bio": false,
    "is_vegan": false,
    "is_available": true,
    "url": "https://drive.carrefour.fr/product/PRD_0083",
    "image_url": "https://images.carrefour.fr/PRD_0083.jpg"
  },
  {
    "id": "PRD_0084",
    "name": "Bifidus Carrefour x4",
    "brand": "Carrefour",
    "category": "yaourt",
    "subcategory": "bifidus",
    "price": 1.59,
    "price_per_unit": 1.59,
    "unit": "unité",
    "quantity": "x4",
    "is_bio": false,
    "is_vegan": false,
    "is_available": true,
    "url": "https://drive.carrefour.fr/product/PRD_0084",
    "image_url": "https://images.carrefour.fr/PRD_0084.jpg"
  },
  {
    "id": "PRD_0085",
    "name": "Vegetal Alpro x4",
    "brand": "Alpro",
    "category": "yaourt",
    "subcategory": "vegetal",
    "price": 2.89,
    "price_per_unit": 2.89,
    "unit": "unité",
    "quantity": "x4",
    "is_bio": false,
    "is_vegan": true,
    "is_available": true,
    "url": "https://drive.carrefour.fr/product/PRD_0085",
    "image_url": "https://images.carrefour.fr/PRD_0085.jpg"
  },
  {
    "id": "PRD_0086",
    "name": "Vegetal Sojasun x4",
    "brand": "Sojasun",
    "category": "yaourt",
    "subcategory": "vegetal",
    "price": 2.49,
    "price_per_unit": 2.49,
    "unit": "unité",
    "quantity": "x4",
    "is_bio": true,
    "is_vegan": true,
    "is_available": true,
    "url": "https://drive.carrefour.fr/product/PRD_0086",
    "image_url": "https://images.carrefour.fr/PRD_0086.jpg"
  },
  {
    "id": "PRD_0087",
    "name": "Emmental Président 200g",
    "brand": "Président",
    "category": "fromage",
    "subcategory": "emmental",
    "price": 2.49,
    "price_per_unit": 12.45,
    "unit": "kg",
    "quantity": "200g",
    "is_bio": false,
    "is_vegan": false,
    "is_available": true,
    "url": "https://drive.carrefour.fr/product/PRD_0087",
    "image_url": "https://images.carrefour.fr/PRD_0087.jpg"
  },
  {
    "id": "PRD_0088",
    "name": "Emmental Président 400g",
    "brand": "Président",
    "category": "fromage",
    "subcategory": "emmental",
    "price": 2.49,
    "price_per_unit": 6.23,
    "unit": "kg",
    "quantity": "400g",
    "is_bio": false,
    "is_vegan": false,
    "is_available": true,
    "url": "https://drive.carrefour.fr/product/PRD_0088",
    "image_url": "https://images.carrefour.fr/PRD_0088.jpg"
  },
  {
    "id": "PRD_0089",
    "name": "Emmental Carrefour 200g",
    "brand": "Carrefour",
    "category": "fromage",
    "subcategory": "emmental",
    "price": 1.89,
    "price_per_unit": 9.45,
    "unit": "kg",
    "quantity": "200g",
    "is_bio": false,
    "is_vegan": false,
    "is_available": false,
    "url": "https://drive.carrefour.fr/product/PRD_0089",
    "image_url": "https://images.carrefour.fr/PRD_0089.jpg"
  },
  {
    "id": "PRD_0090",
    "name": "Emmental Carrefour 400g",
    "brand": "Carrefour",
    "category": "fromage",
    "subcategory": "emmental",
    "price": 1.89,
    "price_per_unit": 4.72,
    "unit": "kg",
    "quantity": "400g",
    "is_bio": false,
    "is_vegan": false,
    "is_available": false,
    "url": "https://drive.carrefour.fr/product/PRD_0090",
    "image_url": "https://images.carrefour.fr/PRD_0090.jpg"
  },
  {
    "id": "PRD_0091",
    "name": "Emmental Entremont 200g",
    "brand": "Entremont",
    "category": "fromage",
    "subcategory": "emmental",
    "price": 2.29,
    "price_per_unit": 11.45,
    "unit": "kg",
    "quantity": "200g",
    "is_bio": false,
    "is_vegan": false,
    "is_available": true,
    "url": "https://drive.carrefour.fr/product/PRD_0091",
    "image_url": "https://images.carrefour.fr/PRD_0091.jpg"
  },
  {
    "id": "PRD_0092",
    "name": "Camembert Président 250g",
    "brand": "Président",
    "category": "fromage",
    "subcategory": "camembert",
    "price": 2.19,
    "price_per_unit": 8.76,
    "unit": "kg",
    "quantity": "250g",
    "is_bio": false,
    "is_vegan": false,
    "is_available": true,
    "url": "https://drive.carrefour.fr/product/PRD_0092",
    "image_url": "https://images.carrefour.fr/PRD_0092.jpg"
  },
  {
    "id": "PRD_0093",
    "name": "Camembert Le Rustique 250g",
    "brand": "Le Rustique",
    "category": "fromage",
    "subcategory": "camembert",
    "price": 2.99,
    "price_per_unit": 11.96,
    "unit": "kg",
    "quantity": "250g",
    "is_bio": false,
    "is_vegan": false,
    "is_available": true,
    "url": "https://drive.carrefour.fr/product/PRD_0093",
    "image_url": "https://images.carrefour.fr/PRD_0093.jpg"
  },
  {
    "id": "PRD_0094",
    "name": "Camembert Carrefour 250g",
    "brand": "Carrefour",
    "category": "fromage",
    "subcategory": "camembert",
    "price": 1.49,
    "price_per_unit": 5.96,
    "unit": "kg",
    "quantity": "250g",
    "is_bio": false,
    "is_vegan": false,
    "is_available": true,
    "url": "https://drive.carrefour.fr/product/PRD_0094",
    "image_url": "https://images.carrefour.fr/PRD_0094.jpg"
  },
  {
    "id": "PRD_0095",
    "name": "Comte Entremont 200g",
    "brand": "Entremont",
    "category": "fromage",
    "subcategory": "comte",
    "price": 4.29,
    "price_per_unit": 21.45,
    "unit": "kg",
    "quantity": "200g",
    "is_bio": false,
    "is_vegan": false,
    "is_available": true,
    "url": "https://drive.carrefour.fr/product/PRD_0095",
    "image_url": "https://images.carrefour.fr/PRD_0095.jpg"
  },
  {
    "id": "PRD_0096",
    "name": "Comte Carrefour 200g",
    "brand": "Carrefour",
    "category": "fromage",
    "subcategory": "comte",
    "price": 3.49,
    "price_per_unit": 17.45,
    "unit": "kg",
    "quantity": "200g",
    "is_bio": false,
    "is_vegan": false,
    "is_available": true,
    "url": "https://drive.carrefour.fr/product/PRD_0096",
    "image_url": "https://images.carrefour.fr/PRD_0096.jpg"
  },
  {
    "id": "PRD_0097",
    "name": "Chevre Soignon 150g",
    "brand": "Soignon",
    "category": "fromage",
    "subcategory": "chevre",
    "price": 2.39,
    "price_per_unit": 15.93,
    "unit": "kg",
    "quantity": "150g",
    "is_bio": false,
    "is_vegan": false,
    "is_available": true,
    "url": "https://drive.carrefour.fr/product/PRD_0097",
    "image_url": "https://images.carrefour.fr/PRD_0097.jpg"
  },
  {
    "id": "PRD_0098",
    "name": "Chevre Président 200g",
    "brand": "Président",
    "category": "fromage",
    "subcategory": "chevre",
    "price": 2.89,
    "price_per_unit": 14.45,
    "unit": "kg",
    "quantity": "200g",
    "is_bio": false,
    "is_vegan": false,
    "is_available": false,
    "url": "https://drive.carrefour.fr/product/PRD_0098",
    "image_url": "https://images.carrefour.fr/PRD_0098.jpg"
  },
  {
    "id": "PRD_0099",
    "name": "Chevre Carrefour Bio 150g",
    "brand": "Carrefour Bio",
    "category": "fromage",
    "subcategory": "chevre",
    "price": 2.99,
    "price_per_unit": 19.93,
    "unit": "kg",
    "quantity": "150g",
    "is_bio": true,
    "is_vegan": false,
    "is_available": true,
    "url": "https://drive.carrefour.fr/product/PRD_0099",
    "image_url": "https://images.carrefour.fr/PRD_0099.jpg"
  },
  {
    "id": "PRD_0100",
    "name": "Mozzarella Galbani 125g",
    "brand": "Galbani",
    "category": "fromage",
    "subcategory": "mozzarella",
    "price": 1.79,
    "price_per_unit": 14.32,
    "unit": "kg",
    "quantity": "125g",
    "is_bio": false,
    "is_vegan": false,
    "is_available": true,
    "url": "https://drive.carrefour.fr/product/PRD_0100",
    "image_url": "https://images.carrefour.fr/PRD_0100.jpg"
  },
  {
    "id": "PRD_0101",
    "name": "Mozzarella Galbani 250g",
    "brand": "Galbani",
    "category": "fromage",
    "subcategory": "mozzarella",
    "price": 1.79,
    "price_per_unit": 7.16,
    "unit": "kg",
    "quantity": "250g",
    "is_bio": false,
    "is_vegan": false,
    "is_available": true,
    "url": "https://drive.carrefour.fr/product/PRD_0101",
    "image_url": "https://images.carrefour.fr/PRD_0101.jpg"
  },
  {
    "id": "PRD_0102",
    "name": "Mozzarella Carrefour 125g",
    "brand": "Carrefour",
    "category": "fromage",
    "subcategory": "mozzarella",
    "price": 1.19,
    "price_per_unit": 9.52,
    "unit": "kg",
    "quantity": "125g",
    "is_bio": false,
    "is_vegan": false,
    "is_available": true,
    "url": "https://drive.carrefour.fr/product/PRD_0102",
    "image_url": "https://images.carrefour.fr/PRD_0102.jpg"
  },
  {
    "id": "PRD_0103",
    "name": "Mozzarella Casa Azzurra 125g",
    "brand": "Casa Azzurra",
    "category": "fromage",
    "subcategory": "mozzarella",
    "price": 1.49,
    "price_per_unit": 11.92,
    "unit": "kg",
    "quantity": "125g",
    "is_bio": false,
    "is_vegan": false,
    "is_available": true,
    "url": "https://drive.carrefour.fr/product/PRD_0103",
    "image_url": "https://images.carrefour.fr/PRD_0103.jpg"
  },
  {
    "id": "PRD_0104",
    "name": "Rape Président 200g",
    "brand": "Président",
    "category": "fromage",
    "subcategory": "rape",
    "price": 2.69,
    "price_per_unit": 13.45,
    "unit": "kg",
    "quantity": "200g",
    "is_bio": false,
    "is_vegan": false,
    "is_available": true,
    "url": "https://drive.carrefour.fr/product/PRD_0104",
    "image_url": "https://images.carrefour.fr/PRD_0104.jpg"
  },
  {
    "id": "PRD_0105",
    "name": "Rape Président 400g",
    "brand": "Président",
    "category": "fromage",
    "subcategory": "rape",
    "price": 2.69,
    "price_per_unit": 6.72,
    "unit": "kg",
    "quantity": "400g",
    "is_bio": false,
    "is_vegan": false,
    "is_available": true,
    "url": "https://drive.carrefour.fr/product/PRD_0105",
    "image_url": "https://images.carrefour.fr/PRD_0105.jpg"
  },
  {
    "id": "PRD_0106",
    "name": "Rape Carrefour 200g",
    "brand": "Carrefour",
    "category": "fromage",
    "subcategory": "rape",
    "price": 1.79,
    "price_per_unit": 8.95,
    "unit": "kg",
    "quantity": "200g",
    "is_bio": false,
    "is_vegan": false,
    "is_available": true,
    "url": "https://drive.carrefour.fr/product/PRD_0106",
    "image_url": "https://images.carrefour.fr/PRD_0106.jpg"
  },
  {
    "id": "PRD_0107",
    "name": "Standard Carrefour x6",
    "brand": "Carrefour",
    "category": "oeufs",
    "subcategory": "standard",
    "price": 2.19,
    "price_per_unit": 2.19,
    "unit": "unité",
    "quantity": "x6",
    "is_bio": false,
    "is_vegan": false,
    "is_available": true,
    "url": "https://drive.carrefour.fr/product/PRD_0107",
    "image_url": "https://images.carrefour.fr/PRD_0107.jpg"
  },
  {
    "id": "PRD_0108",
    "name": "Standard Carrefour x12",
    "brand": "Carrefour",
    "category": "oeufs",
    "subcategory": "standard",
    "price": 4.82,
    "price_per_unit": 4.82,
    "unit": "unité",
    "quantity": "x12",
    "is_bio": false,
    "is_vegan": false,
    "is_available": true,
    "url": "https://drive.carrefour.fr/product/PRD_0108",
    "image_url": "https://images.carrefour.fr/PRD_0108.jpg"
  },
  {
    "id": "PRD_0109",
    "name": "Standard Carrefour x30",
    "brand": "Carrefour",
    "category": "oeufs",
    "subcategory": "standard",
    "price": 2.19,
    "price_per_unit": 2.19,
    "unit": "unité",
    "quantity": "x30",
    "is_bio": false,
    "is_vegan": false,
    "is_available": true,
    "url": "https://drive.carrefour.fr/product/PRD_0109",
    "image_url": "https://images.carrefour.fr/PRD_0109.jpg"
  },
  {
    "id": "PRD_0110",
    "name": "Standard Lustucru x6",
    "brand": "Lustucru",
    "category": "oeufs",
    "subcategory": "standard",
    "price": 2.49,
    "price_per_unit": 2.49,
    "unit": "unité",
    "quantity": "x6",
    "is_bio": false,
    "is_vegan": false,
    "is_available": true,
    "url": "https://drive.carrefour.fr/product/PRD_0110",
    "image_url": "https://images.carrefour.fr/PRD_0110.jpg"
  },
  {
    "id": "PRD_0111",
    "name": "Standard Lustucru x12",
    "brand": "Lustucru",
    "category": "oeufs",
    "subcategory": "standard",
    "price": 5.48,
    "price_per_unit": 5.48,
    "unit": "unité",
    "quantity": "x12",
    "is_bio": false,
    "is_vegan": false,
    "is_available": true,
    "url": "https://drive.carrefour.fr/product/PRD_0111",
    "image_url": "https://images.carrefour.fr/PRD_0111.jpg"
  },
  {
    "id": "PRD_0112",
    "name": "Plein Air Matines x6",
    "brand": "Matines",
    "category": "oeufs",
    "subcategory": "plein_air",
    "price": 3.29,
    "price_per_unit": 3.29,
    "unit": "unité",
    "quantity": "x6",
    "is_bio": false,
    "is_vegan": false,
    "is_available": true,
    "url": "https://drive.carrefour.fr/product/PRD_0112",
    "image_url": "https://images.carrefour.fr/PRD_0112.jpg"
  },
  {
    "id": "PRD_0113",
    "name": "Plein Air Matines x12",
    "brand": "Matines",
    "category": "oeufs",
    "subcategory": "plein_air",
    "price": 7.24,
    "price_per_unit": 7.24,
    "unit": "unité",
    "quantity": "x12",
    "is_bio": false,
    "is_vegan": false,
    "is_available": false,
    "url": "https://drive.carrefour.fr/product/PRD_0113",
    "image_url": "https://images.carrefour.fr/PRD_0113.jpg"
  },
  {
    "id": "PRD_0114",
    "name": "Plein Air Carrefour x6",
    "brand": "Carrefour",
    "category": "oeufs",
    "subcategory": "plein_air",
    "price": 2.89,
    "price_per_unit": 2.89,
    "unit": "unité",
    "quantity": "x6",
    "is_bio": false,
    "is_vegan": false,
    "is_available": true,
    "url": "https://drive.carrefour.fr/product/PRD_0114",
    "image_url": "https://images.carrefour.fr/PRD_0114.jpg"
  },
  {
    "id": "PRD_0115",
    "name": "Plein Air Carrefour x10",
    "brand": "Carrefour",
    "category": "oeufs",
    "subcategory": "plein_air",
    "price": 2.89,
    "price_per_unit": 2.89,
    "unit": "unité",
    "quantity": "x10",
    "is_bio": false,
    "is_vegan": false,
    "is_available": true,
    "url": "https://drive.carrefour.fr/product/PRD_0115",
    "image_url": "https://images.carrefour.fr/PRD_0115.jpg"
  },
  {
    "id": "PRD_0116",
    "name": "Bio Carrefour Bio x6",
    "brand": "Carrefour Bio",
    "category": "oeufs",
    "subcategory": "bio",
    "price": 3.99,
    "price_per_unit": 3.99,
    "unit": "unité",
    "quantity": "x6",
    "is_bio": true,
    "is_vegan": false,
    "is_available": false,
    "url": "https://drive.carrefour.fr/product/PRD_0116",
    "image_url": "https://images.carrefour.fr/PRD_0116.jpg"
  },
  {
    "id": "PRD_0117",
    "name": "Bio Loué x6",
    "brand": "Loué",
    "category": "oeufs",
    "subcategory": "bio",
    "price": 4.29,
    "price_per_unit": 4.29,
    "unit": "unité",
    "quantity": "x6",
    "is_bio": true,
    "is_vegan": false,
    "is_available": true,
    "url": "https://drive.carrefour.fr/product/PRD_0117",
    "image_url": "https://images.carrefour.fr/PRD_0117.jpg"
  },
  {
    "id": "PRD_0118",
    "name": "Doux Président 250g",
    "brand": "Président",
    "category": "beurre",
    "subcategory": "doux",
    "price": 2.89,
    "price_per_unit": 11.56,
    "unit": "kg",
    "quantity": "250g",
    "is_bio": false,
    "is_vegan": false,
    "is_available": true,
    "url": "https://drive.carrefour.fr/product/PRD_0118",
    "image_url": "https://images.carrefour.fr/PRD_0118.jpg"
  },
  {
    "id": "PRD_0119",
    "name": "Doux Président 500g",
    "brand": "Président",
    "category": "beurre",
    "subcategory": "doux",
    "price": 2.75,
    "price_per_unit": 5.5,
    "unit": "kg",
    "quantity": "500g",
    "is_bio": false,
    "is_vegan": false,
    "is_available": true,
    "url": "https://drive.carrefour.fr/product/PRD_0119",
    "image_url": "https://images.carrefour.fr/PRD_0119.jpg"
  },
  {
    "id": "PRD_0120",
    "name": "Doux Elle & Vire 250g",
    "brand": "Elle & Vire",
    "category": "beurre",
    "subcategory": "doux",
    "price": 2.69,
    "price_per_unit": 10.76,
    "unit": "kg",
    "quantity": "250g",
    "is_bio": false,
    "is_vegan": false,
    "is_available": true,
    "url": "https://drive.carrefour.fr/product/PRD_0120",
    "image_url": "https://images.carrefour.fr/PRD_0120.jpg"
  },
  {
    "id": "PRD_0121",
    "name": "Doux Carrefour 250g",
    "brand": "Carrefour",
    "category": "beurre",
    "subcategory": "doux",
    "price": 1.99,
    "price_per_unit": 7.96,
    "unit": "kg",
    "quantity": "250g",
    "is_bio": false,
    "is_vegan": false,
    "is_available": true,
    "url": "https://drive.carrefour.fr/product/PRD_0121",
    "image_url": "https://images.carrefour.fr/PRD_0121.jpg"
  },
  {
    "id": "PRD_0122",
    "name": "Demi Sel Président 250g",
    "brand": "Président",
    "category": "beurre",
    "subcategory": "demi_sel",
    "price": 2.99,
    "price_per_unit": 11.96,
    "unit": "kg",
    "quantity": "250g",
    "is_bio": false,
    "is_vegan": false,
    "is_available": true,
    "url": "https://drive.carrefour.fr/product/PRD_0122",
    "image_url": "https://images.carrefour.fr/PRD_0122.jpg"
  },
  {
    "id": "PRD_0123",
    "name": "Demi Sel Paysan Breton 250g",
    "brand": "Paysan Breton",
    "category": "beurre",
    "subcategory": "demi_sel",
    "price": 2.79,
    "price_per_unit": 11.16,
    "unit": "kg",
    "quantity": "250g",
    "is_bio": false,
    "is_vegan": false,
    "is_available": true,
    "url": "https://drive.carrefour.fr/product/PRD_0123",
    "image_url": "https://images.carrefour.fr/PRD_0123.jpg"
  },
  {
    "id": "PRD_0124",
    "name": "Demi Sel Carrefour 250g",
    "brand": "Carrefour",
    "category": "beurre",
    "subcategory": "demi_sel",
    "price": 2.09,
    "price_per_unit": 8.36,
    "unit": "kg",
    "quantity": "250g",
    "is_bio": false,
    "is_vegan": false,
    "is_available": true,
    "url": "https://drive.carrefour.fr/product/PRD_0124",
    "image_url": "https://images.carrefour.fr/PRD_0124.jpg"
  },
  {
    "id": "PRD_0125",
    "name": "Margarine Planta Fin 500g",
    "brand": "Planta Fin",
    "category": "beurre",
    "subcategory": "margarine",
    "price": 2.49,
    "price_per_unit": 4.98,
    "unit": "kg",
    "quantity": "500g",
    "is_bio": false,
    "is_vegan": true,
    "is_available": true,
    "url": "https://drive.carrefour.fr/product/PRD_0125",
    "image_url": "https://images.carrefour.fr/PRD_0125.jpg"
  },
  {
    "id": "PRD_0126",
    "name": "Margarine Fruit d'Or 500g",
    "brand": "Fruit d'Or",
    "category": "beurre",
    "subcategory": "margarine",
    "price": 2.29,
    "price_per_unit": 4.58,
    "unit": "kg",
    "quantity": "500g",
    "is_bio": false,
    "is_vegan": true,
    "is_available": true,
    "url": "https://drive.carrefour.fr/product/PRD_0126",
    "image_url": "https://images.carrefour.fr/PRD_0126.jpg"
  },
  {
    "id": "PRD_0127",
    "name": "Cola Coca-Cola 33cl",
    "brand": "Coca-Cola",
    "category": "soda",
    "subcategory": "cola",
    "price": 1.89,
    "price_per_unit": 1.89,
    "unit": "unité",
    "quantity": "33cl",
    "is_bio": false,
    "is_vegan": false,
    "is_available": true,
    "url": "https://drive.carrefour.fr/product/PRD_0127",
    "image_url": "https://images.carrefour.fr/PRD_0127.jpg"
  },
  {
    "id": "PRD_0128",
    "name": "Cola Coca-Cola 1.5L",
    "brand": "Coca-Cola",
    "category": "soda",
    "subcategory": "cola",
    "price": 1.89,
    "price_per_unit": 1.26,
    "unit": "L",
    "quantity": "1.5L",
    "is_bio": false,
    "is_vegan": false,
    "is_available": true,
    "url": "https://drive.carrefour.fr/product/PRD_0128",
    "image_url": "https://images.carrefour.fr/PRD_0128.jpg"
  },
  {
    "id": "PRD_0129",
    "name": "Cola Coca-Cola 6x33cl",
    "brand": "Coca-Cola",
    "category": "soda",
    "subcategory": "cola",
    "price": 10.39,
    "price_per_unit": 1.73,
    "unit": "unité",
    "quantity": "6x33cl",
    "is_bio": false,
    "is_vegan": false,
    "is_available": true,
    "url": "https://drive.carrefour.fr/product/PRD_0129",
    "image_url": "https://images.carrefour.fr/PRD_0129.jpg"
  },
  {
    "id": "PRD_0130",
    "name": "Cola Coca-Cola Zero 33cl",
    "brand": "Coca-Cola Zero",
    "category": "soda",
    "subcategory": "cola",
    "price": 1.89,
    "price_per_unit": 1.89,
    "unit": "unité",
    "quantity": "33cl",
    "is_bio": false,
    "is_vegan": false,
    "is_available": true,
    "url": "https://drive.carrefour.fr/product/PRD_0130",
    "image_url": "https://images.carrefour.fr/PRD_0130.jpg"
  },
  {
    "id": "PRD_0131",
    "name": "Cola Coca-Cola Zero 1.5L",
    "brand": "Coca-Cola Zero",
    "category": "soda",
    "subcategory": "cola",
    "price": 1.89,
    "price_per_unit": 1.26,
    "unit": "L",
    "quantity": "1.5L",
    "is_bio": false,
    "is_vegan": false,
    "is_available": true,
    "url": "https://drive.carrefour.fr/product/PRD_0131",
    "image_url": "https://images.carrefour.fr/PRD_0131.jpg"
  },
  {
    "id": "PRD_0132",
    "name": "Cola Pepsi 33cl",
    "brand": "Pepsi",
    "category": "soda",
    "subcategory": "cola",
    "price": 1.79,
    "price_per_unit": 1.79,
    "unit": "unité",
    "quantity": "33cl",
    "is_bio": false,
    "is_vegan": false,
    "is_available": true,
    "url": "https://drive.carrefour.fr/product/PRD_0132",
    "image_url": "https://images.carrefour.fr/PRD_0132.jpg"
  },
  {
    "id": "PRD_0133",
    "name": "Cola Pepsi 1.5L",
    "brand": "Pepsi",
    "category": "soda",
    "subcategory": "cola",
    "price": 1.79,
    "price_per_unit": 1.19,
    "unit": "L",
    "quantity": "1.5L",
    "is_bio": false,
    "is_vegan": false,
    "is_available": true,
    "url": "https://drive.carrefour.fr/product/PRD_0133",
    "image_url": "https://images.carrefour.fr/PRD_0133.jpg"
  },
  {
    "id": "PRD_0134",
    "name": "Cola Pepsi Max 1.5L",
    "brand": "Pepsi Max",
    "category": "soda",
    "subcategory": "cola",
    "price": 1.79,
    "price_per_unit": 1.19,
    "unit": "L",
    "quantity": "1.5L",
    "is_bio": false,
    "is_vegan": false,
    "is_available": true,
    "url": "https://drive.carrefour.fr/product/PRD_0134",
    "image_url": "https://images.carrefour.fr/PRD_0134.jpg"
  },
  {
    "id": "PRD_0135",
    "name": "Cola Carrefour Cola 1.5L",
    "brand": "Carrefour Cola",
    "category": "soda",
    "subcategory": "cola",
    "price": 0.79,
    "price_per_unit": 0.53,
    "unit": "L",
    "quantity": "1.5L",
    "is_bio": false,
    "is_vegan": false,
    "is_available": true,
    "url": "https://drive.carrefour.fr/product/PRD_0135",
    "image_url": "https://images.carrefour.fr/PRD_0135.jpg"
  },
  {
    "id": "PRD_0136",
    "name": "Limonade Sprite 33cl",
    "brand": "Sprite",
    "category": "soda",
    "subcategory": "limonade",
    "price": 1.69,
    "price_per_unit": 1.69,
    "unit": "unité",
    "quantity": "33cl",
    "is_bio": false,
    "is_vegan": false,
    "is_available": false,
    "url": "https://drive.carrefour.fr/product/PRD_0136",
    "image_url": "https://images.carrefour.fr/PRD_0136.jpg"
  },
  {
    "id": "PRD_0137",
    "name": "Limonade Sprite 1.5L",
    "brand": "Sprite",
    "category": "soda",
    "subcategory": "limonade",
    "price": 1.69,
    "price_per_unit": 1.13,
    "unit": "L",
    "quantity": "1.5L",
    "is_bio": false,
    "is_vegan": false,
    "is_available": true,
    "url": "https://drive.carrefour.fr/product/PRD_0137",
    "image_url": "https://images.carrefour.fr/PRD_0137.jpg"
  },
  {
    "id": "PRD_0138",
    "name": "Limonade 7Up 1.5L",
    "brand": "7Up",
    "category": "soda",
    "subcategory": "limonade",
    "price": 1.59,
    "price_per_unit": 1.06,
    "unit": "L",
    "quantity": "1.5L",
    "is_bio": false,
    "is_vegan": false,
    "is_available": true,
    "url": "https://drive.carrefour.fr/product/PRD_0138",
    "image_url": "https://images.carrefour.fr/PRD_0138.jpg"
  },
  {
    "id": "PRD_0139",
    "name": "Limonade Carrefour 1.5L",
    "brand": "Carrefour",
    "category": "soda",
    "subcategory": "limonade",
    "price": 0.69,
    "price_per_unit": 0.46,
    "unit": "L",
    "quantity": "1.5L",
    "is_bio": false,
    "is_vegan": false,
    "is_available": true,
    "url": "https://drive.carrefour.fr/product/PRD_0139",
    "image_url": "https://images.carrefour.fr/PRD_0139.jpg"
  },
  {
    "id": "PRD_0140",
    "name": "Orange Fanta 33cl",
    "brand": "Fanta",
    "category": "soda",
    "subcategory": "orange",
    "price": 1.69,
    "price_per_unit": 1.69,
    "unit": "unité",
    "quantity": "33cl",
    "is_bio": false,
    "is_vegan": false,
    "is_available": true,
    "url": "https://drive.carrefour.fr/product/PRD_0140",
    "image_url": "https://images.carrefour.fr/PRD_0140.jpg"
  },
  {
    "id": "PRD_0141",
    "name": "Orange Fanta 1.5L",
    "brand": "Fanta",
    "category": "soda",
    "subcategory": "orange",
    "price": 1.69,
    "price_per_unit": 1.13,
    "unit": "L",
    "quantity": "1.5L",
    "is_bio": false,
    "is_vegan": false,
    "is_available": true,
    "url": "https://drive.carrefour.fr/product/PRD_0141",
    "image_url": "https://images.carrefour.fr/PRD_0141.jpg"
  },
  {
    "id": "PRD_0142",
    "name": "Orange Orangina 33cl",
    "brand": "Orangina",
    "category": "soda",
    "subcategory": "orange",
    "price": 1.89,
    "price_per_unit": 1.89,
    "unit": "unité",
    "quantity": "33cl",
    "is_bio": false,
    "is_vegan": false,
    "is_available": true,
    "url": "https://drive.carrefour.fr/product/PRD_0142",
    "image_url": "https://images.carrefour.fr/PRD_0142.jpg"
  },
  {
    "id": "PRD_0143",
    "name": "Orange Orangina 1.5L",
    "brand": "Orangina",
    "category": "soda",
    "subcategory": "orange",
    "price": 1.89,
    "price_per_unit": 1.26,
    "unit": "L",
    "quantity": "1.5L",
    "is_bio": false,
    "is_vegan": false,
    "is_available": true,
    "url": "https://drive.carrefour.fr/product/PRD_0143",
    "image_url": "https://images.carrefour.fr/PRD_0143.jpg"
  },
  {
    "id": "PRD_0144",
    "name": "Orange Oasis 33cl",
    "brand": "Oasis",
    "category": "soda",
    "subcategory": "orange",
    "price": 1.79,
    "price_per_unit": 1.79,
    "unit": "unité",
    "quantity": "33cl",
    "is_bio": false,
    "is_vegan": false,
    "is_available": true,
    "url": "https://drive.carrefour.fr/product/PRD_0144",
    "image_url": "https://images.carrefour.fr/PRD_0144.jpg"
  },
  {
    "id": "PRD_0145",
    "name": "Orange Oasis 1.5L",
    "brand": "Oasis",
    "category": "soda",
    "subcategory": "orange",
    "price": 1.79,
    "price_per_unit": 1.19,
    "unit": "L",
    "quantity": "1.5L",
    "is_bio": false,
    "is_vegan": false,
    "is_available": true,
    "url": "https://drive.carrefour.fr/product/PRD_0145",
    "image_url": "https://images.carrefour.fr/PRD_0145.jpg"
  },
  {
    "id": "PRD_0146",
    "name": "Ice Tea Lipton 33cl",
    "brand": "Lipton",
    "category": "soda",
    "subcategory": "ice_tea",
    "price": 1.79,
    "price_per_unit": 1.79,
    "unit": "unité",
    "quantity": "33cl",
    "is_bio": false,
    "is_vegan": false,
    "is_available": true,
    "url": "https://drive.carrefour.fr/product/PRD_0146",
    "image_url": "https://images.carrefour.fr/PRD_0146.jpg"
  },
  {
    "id": "PRD_0147",
    "name": "Ice Tea Lipton 1.5L",
    "brand": "Lipton",
    "category": "soda",
    "subcategory": "ice_tea",
    "price": 1.79,
    "price_per_unit": 1.19,
    "unit": "L",
    "quantity": "1.5L",
    "is_bio": false,
    "is_vegan": false,
    "is_available": true,
    "url": "https://drive.carrefour.fr/product/PRD_0147",
    "image_url": "https://images.carrefour.fr/PRD_0147.jpg"
  },
  {
    "id": "PRD_0148",
    "name": "Ice Tea Fuze Tea 1.5L",
    "brand": "Fuze Tea",
    "category": "soda",
    "subcategory": "ice_tea",
    "price": 1.89,
    "price_per_unit": 1.26,
    "unit": "L",
    "quantity": "1.5L",
    "is_bio": false,
    "is_vegan": false,
    "is_available": true,
    "url": "https://drive.carrefour.fr/product/PRD_0148",
    "image_url": "https://images.carrefour.fr/PRD_0148.jpg"
  },
  {
    "id": "PRD_0149",
    "name": "Orange Tropicana 1L",
    "brand": "Tropicana",
    "category": "jus",
    "subcategory": "orange",
    "price": 5.38,
    "price_per_unit": 5.38,
    "unit": "L",
    "quantity": "1L",
    "is_bio": false,
    "is_vegan": false,
    "is_available": true,
    "url": "https://drive.carrefour.fr/product/PRD_0149",
    "image_url": "https://images.carrefour.fr/PRD_0149.jpg"
  },
  {
    "id": "PRD_0150",
    "name": "Orange Tropicana 1.5L",
    "brand": "Tropicana",
    "category": "jus",
    "subcategory": "orange",
    "price": 2.99,
    "price_per_unit": 1.99,
    "unit": "L",
    "quantity": "1.5L",
    "is_bio": false,
    "is_vegan": false,
    "is_available": true,
    "url": "https://drive.carrefour.fr/product/PRD_0150",
    "image_url": "https://images.carrefour.fr/PRD_0150.jpg"
  },
  {
    "id": "PRD_0151",
    "name": "Orange Joker 1L",
    "brand": "Joker",
    "category": "jus",
    "subcategory": "orange",
    "price": 4.48,
    "price_per_unit": 4.48,
    "unit": "L",
    "quantity": "1L",
    "is_bio": false,
    "is_vegan": false,
    "is_available": true,
    "url": "https://drive.carrefour.fr/product/PRD_0151",
    "image_url": "https://images.carrefour.fr/PRD_0151.jpg"
  },
  {
    "id": "PRD_0152",
    "name": "Orange Carrefour 1L",
    "brand": "Carrefour",
    "category": "jus",
    "subcategory": "orange",
    "price": 2.68,
    "price_per_unit": 2.68,
    "unit": "L",
    "quantity": "1L",
    "is_bio": false,
    "is_vegan": false,
    "is_available": true,
    "url": "https://drive.carrefour.fr/product/PRD_0152",
    "image_url": "https://images.carrefour.fr/PRD_0152.jpg"
  },
  {
    "id": "PRD_0153",
    "name": "Orange Carrefour Bio 1L",
    "brand": "Carrefour Bio",
    "category": "jus",
    "subcategory": "orange",
    "price": 5.2,
    "price_per_unit": 5.2,
    "unit": "L",
    "quantity": "1L",
    "is_bio": true,
    "is_vegan": false,
    "is_available": true,
    "url": "https://drive.carrefour.fr/product/PRD_0153",
    "image_url": "https://images.carrefour.fr/PRD_0153.jpg"
  },
  {
    "id": "PRD_0154",
    "name": "Pomme Joker 1L",
    "brand": "Joker",
    "category": "jus",
    "subcategory": "pomme",
    "price": 4.12,
    "price_per_unit": 4.12,
    "unit": "L",
    "quantity": "1L",
    "is_bio": false,
    "is_vegan": false,
    "is_available": true,
    "url": "https://drive.carrefour.fr/product/PRD_0154",
    "image_url": "https://images.carrefour.fr/PRD_0154.jpg"
  },
  {
    "id": "PRD_0155",
    "name": "Pomme Carrefour 1L",
    "brand": "Carrefour",
    "category": "jus",
    "subcategory": "pomme",
    "price": 2.5,
    "price_per_unit": 2.5,
    "unit": "L",
    "quantity": "1L",
    "is_bio": false,
    "is_vegan": false,
    "is_available": true,
    "url": "https://drive.carrefour.fr/product/PRD_0155",
    "image_url": "https://images.carrefour.fr/PRD_0155.jpg"
  },
  {
    "id": "PRD_0156",
    "name": "Multifruits Tropicana 1L",
    "brand": "Tropicana",
    "category": "jus",
    "subcategory": "multifruits",
    "price": 5.38,
    "price_per_unit": 5.38,
    "unit": "L",
    "quantity": "1L",
    "is_bio": false,
    "is_vegan": false,
    "is_available": true,
    "url": "https://drive.carrefour.fr/product/PRD_0156",
    "image_url": "https://images.carrefour.fr/PRD_0156.jpg"
  },
  {
    "id": "PRD_0157",
    "name": "Multifruits Joker 1L",
    "brand": "Joker",
    "category": "jus",
    "subcategory": "multifruits",
    "price": 4.48,
    "price_per_unit": 4.48,
    "unit": "L",
    "quantity": "1L",
    "is_bio": false,
    "is_vegan": false,
    "is_available": true,
    "url": "https://drive.carrefour.fr/product/PRD_0157",
    "image_url": "https://images.carrefour.fr/PRD_0157.jpg"
  },
  {
    "id": "PRD_0158",
    "name": "Plate Evian 1L",
    "brand": "Evian",
    "category": "eau",
    "subcategory": "plate",
    "price": 1.42,
    "price_per_unit": 1.42,
    "unit": "L",
    "quantity": "1L",
    "is_bio": false,
    "is_vegan": false,
    "is_available": true,
    "url": "https://drive.carrefour.fr/product/PRD_0158",
    "image_url": "https://images.carrefour.fr/PRD_0158.jpg"
  },
  {
    "id": "PRD_0159",
    "name": "Plate Evian 6x1L",
    "brand": "Evian",
    "category": "eau",
    "subcategory": "plate",
    "price": 1.42,
    "price_per_unit": 0.24,
    "unit": "unité",
    "quantity": "6x1L",
    "is_bio": false,
    "is_vegan": false,
    "is_available": true,
    "url": "https://drive.carrefour.fr/product/PRD_0159",
    "image_url": "https://images.carrefour.fr/PRD_0159.jpg"
  },
  {
    "id": "PRD_0160",
    "name": "Plate Volvic 1L",
    "brand": "Volvic",
    "category": "eau",
    "subcategory": "plate",
    "price": 1.35,
    "price_per_unit": 1.35,
    "unit": "L",
    "quantity": "1L",
    "is_bio": false,
    "is_vegan": false,
    "is_available": true,
    "url": "https://drive.carrefour.fr/product/PRD_0160",
    "image_url": "https://images.carrefour.fr/PRD_0160.jpg"
  },
  {
    "id": "PRD_0161",
    "name": "Plate Volvic 6x1L",
    "brand": "Volvic",
    "category": "eau",
    "subcategory": "plate",
    "price": 1.35,
    "price_per_unit": 0.23,
    "unit": "unité",
    "quantity": "6x1L",
    "is_bio": false,
    "is_vegan": false,
    "is_available": true,
    "url": "https://drive.carrefour.fr/product/PRD_0161",
    "image_url": "https://images.carrefour.fr/PRD_0161.jpg"
  },
  {
    "id": "PRD_0162",
    "name": "Plate Cristaline 1.5L",
    "brand": "Cristaline",
    "category": "eau",
    "subcategory": "plate",
    "price": 0.35,
    "price_per_unit": 0.23,
    "unit": "L",
    "quantity": "1.5L",
    "is_bio": false,
    "is_vegan": false,
    "is_available": true,
    "url": "https://drive.carrefour.fr/product/PRD_0162",
    "image_url": "https://images.carrefour.fr/PRD_0162.jpg"
  },
  {
    "id": "PRD_0163",
    "name": "Plate Cristaline 6x1.5L",
    "brand": "Cristaline",
    "category": "eau",
    "subcategory": "plate",
    "price": 1.92,
    "price_per_unit": 0.32,
    "unit": "unité",
    "quantity": "6x1.5L",
    "is_bio": false,
    "is_vegan": false,
    "is_available": true,
    "url": "https://drive.carrefour.fr/product/PRD_0163",
    "image_url": "https://images.carrefour.fr/PRD_0163.jpg"
  },
  {
    "id": "PRD_0164",
    "name": "Gazeuse Perrier 1L",
    "brand": "Perrier",
    "category": "eau",
    "subcategory": "gazeuse",
    "price": 2.32,
    "price_per_unit": 2.32,
    "unit": "L",
    "quantity": "1L",
    "is_bio": false,
    "is_vegan": false,
    "is_available": true,
    "url": "https://drive.carrefour.fr/product/PRD_0164",
    "image_url": "https://images.carrefour.fr/PRD_0164.jpg"
  },
  {
    "id": "PRD_0165",
    "name": "Gazeuse Perrier 6x1L",
    "brand": "Perrier",
    "category": "eau",
    "subcategory": "gazeuse",
    "price": 2.32,
    "price_per_unit": 0.39,
    "unit": "unité",
    "quantity": "6x1L",
    "is_bio": false,
    "is_vegan": false,
    "is_available": true,
    "url": "https://drive.carrefour.fr/product/PRD_0165",
    "image_url": "https://images.carrefour.fr/PRD_0165.jpg"
  },
  {
    "id": "PRD_0166",
    "name": "Gazeuse San Pellegrino 1L",
    "brand": "San Pellegrino",
    "category": "eau",
    "subcategory": "gazeuse",
    "price": 2.5,
    "price_per_unit": 2.5,
    "unit": "L",
    "quantity": "1L",
    "is_bio": false,
    "is_vegan": false,
    "is_available": true,
    "url": "https://drive.carrefour.fr/product/PRD_0166",
    "image_url": "https://images.carrefour.fr/PRD_0166.jpg"
  },
  {
    "id": "PRD_0167",
    "name": "Gazeuse Badoit 1L",
    "brand": "Badoit",
    "category": "eau",
    "subcategory": "gazeuse",
    "price": 2.14,
    "price_per_unit": 2.14,
    "unit": "L",
    "quantity": "1L",
    "is_bio": false,
    "is_vegan": false,
    "is_available": true,
    "url": "https://drive.carrefour.fr/product/PRD_0167",
    "image_url": "https://images.carrefour.fr/PRD_0167.jpg"
  },
  {
    "id": "PRD_0168",
    "name": "Nature Lay's 130g",
    "brand": "Lay's",
    "category": "chips",
    "subcategory": "nature",
    "price": 2.49,
    "price_per_unit": 19.15,
    "unit": "kg",
    "quantity": "130g",
    "is_bio": false,
    "is_vegan": false,
    "is_available": true,
    "url": "https://drive.carrefour.fr/product/PRD_0168",
    "image_url": "https://images.carrefour.fr/PRD_0168.jpg"
  },
  {
    "id": "PRD_0169",
    "name": "Nature Lay's 300g",
    "brand": "Lay's",
    "category": "chips",
    "subcategory": "nature",
    "price": 2.49,
    "price_per_unit": 8.3,
    "unit": "kg",
    "quantity": "300g",
    "is_bio": false,
    "is_vegan": false,
    "is_available": true,
    "url": "https://drive.carrefour.fr/product/PRD_0169",
    "image_url": "https://images.carrefour.fr/PRD_0169.jpg"
  },
  {
    "id": "PRD_0170",
    "name": "Nature Pringles 175g",
    "brand": "Pringles",
    "category": "chips",
    "subcategory": "nature",
    "price": 2.99,
    "price_per_unit": 17.09,
    "unit": "kg",
    "quantity": "175g",
    "is_bio": false,
    "is_vegan": false,
    "is_available": true,
    "url": "https://drive.carrefour.fr/product/PRD_0170",
    "image_url": "https://images.carrefour.fr/PRD_0170.jpg"
  },
  {
    "id": "PRD_0171",
    "name": "Nature Vico 125g",
    "brand": "Vico",
    "category": "chips",
    "subcategory": "nature",
    "price": 2.29,
    "price_per_unit": 18.32,
    "unit": "kg",
    "quantity": "125g",
    "is_bio": false,
    "is_vegan": false,
    "is_available": true,
    "url": "https://drive.carrefour.fr/product/PRD_0171",
    "image_url": "https://images.carrefour.fr/PRD_0171.jpg"
  },
  {
    "id": "PRD_0172",
    "name": "Nature Carrefour 150g",
    "brand": "Carrefour",
    "category": "chips",
    "subcategory": "nature",
    "price": 1.29,
    "price_per_unit": 8.6,
    "unit": "kg",
    "quantity": "150g",
    "is_bio": false,
    "is_vegan": false,
    "is_available": true,
    "url": "https://drive.carrefour.fr/product/PRD_0172",
    "image_url": "https://images.carrefour.fr/PRD_0172.jpg"
  },
  {
    "id": "PRD_0173",
    "name": "Barbecue Lay's 130g",
    "brand": "Lay's",
    "category": "chips",
    "subcategory": "barbecue",
    "price": 2.49,
    "price_per_unit": 19.15,
    "unit": "kg",
    "quantity": "130g",
    "is_bio": false,
    "is_vegan": false,
    "is_available": true,
    "url": "https://drive.carrefour.fr/product/PRD_0173",
    "image_url": "https://images.carrefour.fr/PRD_0173.jpg"
  },
  {
    "id": "PRD_0174",
    "name": "Barbecue Pringles 175g",
    "brand": "Pringles",
    "category": "chips",
    "subcategory": "barbecue",
    "price": 2.99,
    "price_per_unit": 17.09,
    "unit": "kg",
    "quantity": "175g",
    "is_bio": false,
    "is_vegan": false,
    "is_available": true,
    "url": "https://drive.carrefour.fr/product/PRD_0174",
    "image_url": "https://images.carrefour.fr/PRD_0174.jpg"
  },
  {
    "id": "PRD_0175",
    "name": "Paprika Lay's 130g",
    "brand": "Lay's",
    "category": "chips",
    "subcategory": "paprika",
    "price": 2.49,
    "price_per_unit": 19.15,
    "unit": "kg",
    "quantity": "130g",
    "is_bio": false,
    "is_vegan": false,
    "is_available": false,
    "url": "https://drive.carrefour.fr/product/PRD_0175",
    "image_url": "https://images.carrefour.fr/PRD_0175.jpg"
  },
  {
    "id": "PRD_0176",
    "name": "Paprika Vico 125g",
    "brand": "Vico",
    "category": "chips",
    "subcategory": "paprika",
    "price": 2.29,
    "price_per_unit": 18.32,
    "unit": "kg",
    "quantity": "125g",
    "is_bio": false,
    "is_vegan": false,
    "is_available": true,
    "url": "https://drive.carrefour.fr/product/PRD_0176",
    "image_url": "https://images.carrefour.fr/PRD_0176.jpg"
  },
  {
    "id": "PRD_0177",
    "name": "Vinaigre Lay's 130g",
    "brand": "Lay's",
    "category": "chips",
    "subcategory": "vinaigre",
    "price": 2.49,
    "price_per_unit": 19.15,
    "unit": "kg",
    "quantity": "130g",
    "is_bio": false,
    "is_vegan": false,
    "is_available": true,
    "url": "https://drive.carrefour.fr/product/PRD_0177",
    "image_url": "https://images.carrefour.fr/PRD_0177.jpg"
  },
  {
    "id": "PRD_0178",
    "name": "Vinaigre Tyrrell's 150g",
    "brand": "Tyrrell's",
    "category": "chips",
    "subcategory": "vinaigre",
    "price": 3.49,
    "price_per_unit": 23.27,
    "unit": "kg",
    "quantity": "150g",
    "is_bio": false,
    "is_vegan": false,
    "is_available": true,
    "url": "https://drive.carrefour.fr/product/PRD_0178",
    "image_url": "https://images.carrefour.fr/PRD_0178.jpg"
  },
  {
    "id": "PRD_0179",
    "name": "Chocolat Prince 300g",
    "brand": "Prince",
    "category": "biscuits",
    "subcategory": "chocolat",
    "price": 2.49,
    "price_per_unit": 8.3,
    "unit": "kg",
    "quantity": "300g",
    "is_bio": false,
    "is_vegan": false,
    "is_available": true,
    "url": "https://drive.carrefour.fr/product/PRD_0179",
    "image_url": "https://images.carrefour.fr/PRD_0179.jpg"
  },
  {
    "id": "PRD_0180",
    "name": "Chocolat Granola 200g",
    "brand": "Granola",
    "category": "biscuits",
    "subcategory": "chocolat",
    "price": 1.99,
    "price_per_unit": 9.95,
    "unit": "kg",
    "quantity": "200g",
    "is_bio": false,
    "is_vegan": false,
    "is_available": true,
    "url": "https://drive.carrefour.fr/product/PRD_0180",
    "image_url": "https://images.carrefour.fr/PRD_0180.jpg"
  },
  {
    "id": "PRD_0181",
    "name": "Chocolat BN 295g",
    "brand": "BN",
    "category": "biscuits",
    "subcategory": "chocolat",
    "price": 2.29,
    "price_per_unit": 7.76,
    "unit": "kg",
    "quantity": "295g",
    "is_bio": false,
    "is_vegan": false,
    "is_available": true,
    "url": "https://drive.carrefour.fr/product/PRD_0181",
    "image_url": "https://images.carrefour.fr/PRD_0181.jpg"
  },
  {
    "id": "PRD_0182",
    "name": "Petit Dejeuner Belvita 400g",
    "brand": "Belvita",
    "category": "biscuits",
    "subcategory": "petit_dejeuner",
    "price": 3.29,
    "price_per_unit": 8.22,
    "unit": "kg",
    "quantity": "400g",
    "is_bio": false,
    "is_vegan": false,
    "is_available": true,
    "url": "https://drive.carrefour.fr/product/PRD_0182",
    "image_url": "https://images.carrefour.fr/PRD_0182.jpg"
  },
  {
    "id": "PRD_0183",
    "name": "Petit Dejeuner Gerblé 200g",
    "brand": "Gerblé",
    "category": "biscuits",
    "subcategory": "petit_dejeuner",
    "price": 2.89,
    "price_per_unit": 14.45,
    "unit": "kg",
    "quantity": "200g",
    "is_bio": false,
    "is_vegan": false,
    "is_available": true,
    "url": "https://drive.carrefour.fr/product/PRD_0183",
    "image_url": "https://images.carrefour.fr/PRD_0183.jpg"
  },
  {
    "id": "PRD_0184",
    "name": "Sec Petit Beurre LU 200g",
    "brand": "Petit Beurre LU",
    "category": "biscuits",
    "subcategory": "sec",
    "price": 1.69,
    "price_per_unit": 8.45,
    "unit": "kg",
    "quantity": "200g",
    "is_bio": false,
    "is_vegan": false,
    "is_available": true,
    "url": "https://drive.carrefour.fr/product/PRD_0184",
    "image_url": "https://images.carrefour.fr/PRD_0184.jpg"
  },
  {
    "id": "PRD_0185",
    "name": "Sec Sablés St Michel 120g",
    "brand": "Sablés St Michel",
    "category": "biscuits",
    "subcategory": "sec",
    "price": 1.99,
    "price_per_unit": 16.58,
    "unit": "kg",
    "quantity": "120g",
    "is_bio": false,
    "is_vegan": false,
    "is_available": true,
    "url": "https://drive.carrefour.fr/product/PRD_0185",
    "image_url": "https://images.carrefour.fr/PRD_0185.jpg"
  },
  {
    "id": "PRD_0186",
    "name": "Noir Lindt Excellence 100g",
    "brand": "Lindt Excellence",
    "category": "chocolat",
    "subcategory": "noir",
    "price": 2.99,
    "price_per_unit": 29.9,
    "unit": "kg",
    "quantity": "100g",
    "is_bio": false,
    "is_vegan": false,
    "is_available": true,
    "url": "https://drive.carrefour.fr/product/PRD_0186",
    "image_url": "https://images.carrefour.fr/PRD_0186.jpg"
  },
  {
    "id": "PRD_0187",
    "name": "Noir Côte d'Or 100g",
    "brand": "Côte d'Or",
    "category": "chocolat",
    "subcategory": "noir",
    "price": 2.49,
    "price_per_unit": 24.9,
    "unit": "kg",
    "quantity": "100g",
    "is_bio": false,
    "is_vegan": false,
    "is_available": true,
    "url": "https://drive.carrefour.fr/product/PRD_0187",
    "image_url": "https://images.carrefour.fr/PRD_0187.jpg"
  },
  {
    "id": "PRD_0188",
    "name": "Noir Côte d'Or 200g",
    "brand": "Côte d'Or",
    "category": "chocolat",
    "subcategory": "noir",
    "price": 2.49,
    "price_per_unit": 12.45,
    "unit": "kg",
    "quantity": "200g",
    "is_bio": false,
    "is_vegan": false,
    "is_available": true,
    "url": "https://drive.carrefour.fr/product/PRD_0188",
    "image_url": "https://images.carrefour.fr/PRD_0188.jpg"
  },
  {
    "id": "PRD_0189",
    "name": "Noir Carrefour 100g",
    "brand": "Carrefour",
    "category": "chocolat",
    "subcategory": "noir",
    "price": 1.29,
    "price_per_unit": 12.9,
    "unit": "kg",
    "quantity": "100g",
    "is_bio": false,
    "is_vegan": false,
    "is_available": true,
    "url": "https://drive.carrefour.fr/product/PRD_0189",
    "image_url": "https://images.carrefour.fr/PRD_0189.jpg"
  },
  {
    "id": "PRD_0190",
    "name": "Lait Milka 100g",
    "brand": "Milka",
    "category": "chocolat",
    "subcategory": "lait",
    "price": 2.29,
    "price_per_unit": 22.9,
    "unit": "kg",
    "quantity": "100g",
    "is_bio": false,
    "is_vegan": false,
    "is_available": true,
    "url": "https://drive.carrefour.fr/product/PRD_0190",
    "image_url": "https://images.carrefour.fr/PRD_0190.jpg"
  },
  {
    "id": "PRD_0191",
    "name": "Lait Milka 200g",
    "brand": "Milka",
    "category": "chocolat",
    "subcategory": "lait",
    "price": 2.29,
    "price_per_unit": 11.45,
    "unit": "kg",
    "quantity": "200g",
    "is_bio": false,
    "is_vegan": false,
    "is_available": true,
    "url": "https://drive.carrefour.fr/product/PRD_0191",
    "image_url": "https://images.carrefour.fr/PRD_0191.jpg"
  },
  {
    "id": "PRD_0192",
    "name": "Lait Côte d'Or 200g",
    "brand": "Côte d'Or",
    "category": "chocolat",
    "subcategory": "lait",
    "price": 2.49,
    "price_per_unit": 12.45,
    "unit": "kg",
    "quantity": "200g",
    "is_bio": false,
    "is_vegan": false,
    "is_available": true,
    "url": "https://drive.carrefour.fr/product/PRD_0192",
    "image_url": "https://images.carrefour.fr/PRD_0192.jpg"
  },
  {
    "id": "PRD_0193",
    "name": "Lait Kinder 100g",
    "brand": "Kinder",
    "category": "chocolat",
    "subcategory": "lait",
    "price": 2.19,
    "price_per_unit": 21.9,
    "unit": "kg",
    "quantity": "100g",
    "is_bio": false,
    "is_vegan": false,
    "is_available": true,
    "url": "https://drive.carrefour.fr/product/PRD_0193",
    "image_url": "https://images.carrefour.fr/PRD_0193.jpg"
  },
  {
    "id": "PRD_0194",
    "name": "Praline Ferrero Rocher 200g",
    "brand": "Ferrero Rocher",
    "category": "chocolat",
    "subcategory": "praline",
    "price": 5.99,
    "price_per_unit": 29.95,
    "unit": "kg",
    "quantity": "200g",
    "is_bio": false,
    "is_vegan": false,
    "is_available": true,
    "url": "https://drive.carrefour.fr/product/PRD_0194",
    "image_url": "https://images.carrefour.fr/PRD_0194.jpg"
  },
  {
    "id": "PRD_0195",
    "name": "Praline Lindt Lindor 200g",
    "brand": "Lindt Lindor",
    "category": "chocolat",
    "subcategory": "praline",
    "price": 5.49,
    "price_per_unit": 27.45,
    "unit": "kg",
    "quantity": "200g",
    "is_bio": false,
    "is_vegan": false,
    "is_available": true,
    "url": "https://drive.carrefour.fr/product/PRD_0195",
    "image_url": "https://images.carrefour.fr/PRD_0195.jpg"
  },
  {
    "id": "PRD_0196",
    "name": "Muesli Jordans 500g",
    "brand": "Jordans",
    "category": "cereales",
    "subcategory": "muesli",
    "price": 4.29,
    "price_per_unit": 8.58,
    "unit": "kg",
    "quantity": "500g",
    "is_bio": false,
    "is_vegan": false,
    "is_available": true,
    "url": "https://drive.carrefour.fr/product/PRD_0196",
    "image_url": "https://images.carrefour.fr/PRD_0196.jpg"
  },
  {
    "id": "PRD_0197",
    "name": "Muesli Bjorg 500g",
    "brand": "Bjorg",
    "category": "cereales",
    "subcategory": "muesli",
    "price": 3.99,
    "price_per_unit": 7.98,
    "unit": "kg",
    "quantity": "500g",
    "is_bio": true,
    "is_vegan": false,
    "is_available": true,
    "url": "https://drive.carrefour.fr/product/PRD_0197",
    "image_url": "https://images.carrefour.fr/PRD_0197.jpg"
  },
  {
    "id": "PRD_0198",
    "name": "Muesli Carrefour Bio 500g",
    "brand": "Carrefour Bio",
    "category": "cereales",
    "subcategory": "muesli",
    "price": 3.49,
    "price_per_unit": 6.98,
    "unit": "kg",
    "quantity": "500g",
    "is_bio": true,
    "is_vegan": false,
    "is_available": true,
    "url": "https://drive.carrefour.fr/product/PRD_0198",
    "image_url": "https://images.carrefour.fr/PRD_0198.jpg"
  },
  {
    "id": "PRD_0199",
    "name": "Corn Flakes Kellogg's 500g",
    "brand": "Kellogg's",
    "category": "cereales",
    "subcategory": "corn_flakes",
    "price": 3.49,
    "price_per_unit": 6.98,
    "unit": "kg",
    "quantity": "500g",
    "is_bio": false,
    "is_vegan": false,
    "is_available": true,
    "url": "https://drive.carrefour.fr/product/PRD_0199",
    "image_url": "https://images.carrefour.fr/PRD_0199.jpg"
  },
  {
    "id": "PRD_0200",
    "name": "Corn Flakes Carrefour 500g",
    "brand": "Carrefour",
    "category": "cereales",
    "subcategory": "corn_flakes",
    "price": 1.99,
    "price_per_unit": 3.98,
    "unit": "kg",
    "quantity": "500g",
    "is_bio": false,
    "is_vegan": false,
    "is_available": true,
    "url": "https://drive.carrefour.fr/product/PRD_0200",
    "image_url": "https://images.carrefour.fr/PRD_0200.jpg"
  },
  {
    "id": "PRD_0201",
    "name": "Chocolat Chocapic 430g",
    "brand": "Chocapic",
    "category": "cereales",
    "subcategory": "chocolat",
    "price": 3.99,
    "price_per_unit": 9.28,
    "unit": "kg",
    "quantity": "430g",
    "is_bio": false,
    "is_vegan": false,
    "is_available": true,
    "url": "https://drive.carrefour.fr/product/PRD_0201",
    "image_url": "https://images.carrefour.fr/PRD_0201.jpg"
  },
  {
    "id": "PRD_0202",
    "name": "Chocolat Coco Pops 350g",
    "brand": "Coco Pops",
    "category": "cereales",
    "subcategory": "chocolat",
    "price": 3.79,
    "price_per_unit": 10.83,
    "unit": "kg",
    "quantity": "350g",
    "is_bio": false,
    "is_vegan": false,
    "is_available": true,
    "url": "https://drive.carrefour.fr/product/PRD_0202",
    "image_url": "https://images.carrefour.fr/PRD_0202.jpg"
  },
  {
    "id": "PRD_0203",
    "name": "Granola Jordans 400g",
    "brand": "Jordans",
    "category": "cereales",
    "subcategory": "granola",
    "price": 4.49,
    "price_per_unit": 11.22,
    "unit": "kg",
    "quantity": "400g",
    "is_bio": false,
    "is_vegan": false,
    "is_available": true,
    "url": "https://drive.carrefour.fr/product/PRD_0203",
    "image_url": "https://images.carrefour.fr/PRD_0203.jpg"
  },
  {
    "id": "PRD_0204",
    "name": "Granola Grany 400g",
    "brand": "Grany",
    "category": "cereales",
    "subcategory": "granola",
    "price": 3.99,
    "price_per_unit": 9.97,
    "unit": "kg",
    "quantity": "400g",
    "is_bio": false,
    "is_vegan": false,
    "is_available": false,
    "url": "https://drive.carrefour.fr/product/PRD_0204",
    "image_url": "https://images.carrefour.fr/PRD_0204.jpg"
  },
  {
    "id": "PRD_0205",
    "name": "Moulu Carte Noire 250g",
    "brand": "Carte Noire",
    "category": "cafe",
    "subcategory": "moulu",
    "price": 4.99,
    "price_per_unit": 19.96,
    "unit": "kg",
    "quantity": "250g",
    "is_bio": false,
    "is_vegan": false,
    "is_available": true,
    "url": "https://drive.carrefour.fr/product/PRD_0205",
    "image_url": "https://images.carrefour.fr/PRD_0205.jpg"
  },
  {
    "id": "PRD_0206",
    "name": "Moulu Carte Noire 500g",
    "brand": "Carte Noire",
    "category": "cafe",
    "subcategory": "moulu",
    "price": 4.74,
    "price_per_unit": 9.48,
    "unit": "kg",
    "quantity": "500g",
    "is_bio": false,
    "is_vegan": false,
    "is_available": false,
    "url": "https://drive.carrefour.fr/product/PRD_0206",
    "image_url": "https://images.carrefour.fr/PRD_0206.jpg"
  },
  {
    "id": "PRD_0207",
    "name": "Moulu Jacques Vabre 250g",
    "brand": "Jacques Vabre",
    "category": "cafe",
    "subcategory": "moulu",
    "price": 4.49,
    "price_per_unit": 17.96,
    "unit": "kg",
    "quantity": "250g",
    "is_bio": false,
    "is_vegan": false,
    "is_available": true,
    "url": "https://drive.carrefour.fr/product/PRD_0207",
    "image_url": "https://images.carrefour.fr/PRD_0207.jpg"
  },
  {
    "id": "PRD_0208",
    "name": "Moulu Grand Mère 250g",
    "brand": "Grand Mère",
    "category": "cafe",
    "subcategory": "moulu",
    "price": 3.99,
    "price_per_unit": 15.96,
    "unit": "kg",
    "quantity": "250g",
    "is_bio": false,
    "is_vegan": false,
    "is_available": true,
    "url": "https://drive.carrefour.fr/product/PRD_0208",
    "image_url": "https://images.carrefour.fr/PRD_0208.jpg"
  },
  {
    "id": "PRD_0209",
    "name": "Capsules Nespresso x10",
    "brand": "Nespresso",
    "category": "cafe",
    "subcategory": "capsules",
    "price": 4.5,
    "price_per_unit": 4.5,
    "unit": "unité",
    "quantity": "x10",
    "is_bio": false,
    "is_vegan": false,
    "is_available": true,
    "url": "https://drive.carrefour.fr/product/PRD_0209",
    "image_url": "https://images.carrefour.fr/PRD_0209.jpg"
  },
  {
    "id": "PRD_0210",
    "name": "Capsules L'Or x10",
    "brand": "L'Or",
    "category": "cafe",
    "subcategory": "capsules",
    "price": 3.99,
    "price_per_unit": 3.99,
    "unit": "unité",
    "quantity": "x10",
    "is_bio": false,
    "is_vegan": false,
    "is_available": true,
    "url": "https://drive.carrefour.fr/product/PRD_0210",
    "image_url": "https://images.carrefour.fr/PRD_0210.jpg"
  },
  {
    "id": "PRD_0211",
    "name": "Capsules L'Or x20",
    "brand": "L'Or",
    "category": "cafe",
    "subcategory": "capsules",
    "price": 3.99,
    "price_per_unit": 3.99,
    "unit": "unité",
    "quantity": "x20",
    "is_bio": false,
    "is_vegan": false,
    "is_available": true,
    "url": "https://drive.carrefour.fr/product/PRD_0211",
    "image_url": "https://images.carrefour.fr/PRD_0211.jpg"
  },
  {
    "id": "PRD_0212",
    "name": "Capsules Carrefour x10",
    "brand": "Carrefour",
    "category": "cafe",
    "subcategory": "capsules",
    "price": 2.49,
    "price_per_unit": 2.49,
    "unit": "unité",
    "quantity": "x10",
    "is_bio": false,
    "is_vegan": false,
    "is_available": true,
    "url": "https://drive.carrefour.fr/product/PRD_0212",
    "image_url": "https://images.carrefour.fr/PRD_0212.jpg"
  },
  {
    "id": "PRD_0213",
    "name": "Soluble Nescafé 100g",
    "brand": "Nescafé",
    "category": "cafe",
    "subcategory": "soluble",
    "price": 5.99,
    "price_per_unit": 59.9,
    "unit": "kg",
    "quantity": "100g",
    "is_bio": false,
    "is_vegan": false,
    "is_available": true,
    "url": "https://drive.carrefour.fr/product/PRD_0213",
    "image_url": "https://images.carrefour.fr/PRD_0213.jpg"
  },
  {
    "id": "PRD_0214",
    "name": "Soluble Nescafé 200g",
    "brand": "Nescafé",
    "category": "cafe",
    "subcategory": "soluble",
    "price": 5.99,
    "price_per_unit": 29.95,
    "unit": "kg",
    "quantity": "200g",
    "is_bio": false,
    "is_vegan": false,
    "is_available": true,
    "url": "https://drive.carrefour.fr/product/PRD_0214",
    "image_url": "https://images.carrefour.fr/PRD_0214.jpg"
  },
  {
    "id": "PRD_0215",
    "name": "Soluble Maxwell House 100g",
    "brand": "Maxwell House",
    "category": "cafe",
    "subcategory": "soluble",
    "price": 4.99,
    "price_per_unit": 49.9,
    "unit": "kg",
    "quantity": "100g",
    "is_bio": false,
    "is_vegan": false,
    "is_available": true,
    "url": "https://drive.carrefour.fr/product/PRD_0215",
    "image_url": "https://images.carrefour.fr/PRD_0215.jpg"
  },
  {
    "id": "PRD_0216",
    "name": "Vert Lipton x25",
    "brand": "Lipton",
    "category": "the",
    "subcategory": "vert",
    "price": 2.49,
    "price_per_unit": 2.49,
    "unit": "unité",
    "quantity": "x25",
    "is_bio": false,
    "is_vegan": false,
    "is_available": true,
    "url": "https://drive.carrefour.fr/product/PRD_0216",
    "image_url": "https://images.carrefour.fr/PRD_0216.jpg"
  },
  {
    "id": "PRD_0217",
    "name": "Vert Lipton x50",
    "brand": "Lipton",
    "category": "the",
    "subcategory": "vert",
    "price": 2.49,
    "price_per_unit": 2.49,
    "unit": "unité",
    "quantity": "x50",
    "is_bio": false,
    "is_vegan": false,
    "is_available": true,
    "url": "https://drive.carrefour.fr/product/PRD_0217",
    "image_url": "https://images.carrefour.fr/PRD_0217.jpg"
  },
  {
    "id": "PRD_0218",
    "name": "Vert Twinings x25",
    "brand": "Twinings",
    "category": "the",
    "subcategory": "vert",
    "price": 3.29,
    "price_per_unit": 3.29,
    "unit": "unité",
    "quantity": "x25",
    "is_bio": false,
    "is_vegan": false,
    "is_available": true,
    "url": "https://drive.carrefour.fr/product/PRD_0218",
    "image_url": "https://images.carrefour.fr/PRD_0218.jpg"
  },
  {
    "id": "PRD_0219",
    "name": "Noir Lipton Yellow x25",
    "brand": "Lipton Yellow",
    "category": "the",
    "subcategory": "noir",
    "price": 2.29,
    "price_per_unit": 2.29,
    "unit": "unité",
    "quantity": "x25",
    "is_bio": false,
    "is_vegan": false,
    "is_available": false,
    "url": "https://drive.carrefour.fr/product/PRD_0219",
    "image_url": "https://images.carrefour.fr/PRD_0219.jpg"
  },
  {
    "id": "PRD_0220",
    "name": "Noir Lipton Yellow x50",
    "brand": "Lipton Yellow",
    "category": "the",
    "subcategory": "noir",
    "price": 2.29,
    "price_per_unit": 2.29,
    "unit": "unité",
    "quantity": "x50",
    "is_bio": false,
    "is_vegan": false,
    "is_available": true,
    "url": "https://drive.carrefour.fr/product/PRD_0220",
    "image_url": "https://images.carrefour.fr/PRD_0220.jpg"
  },
  {
    "id": "PRD_0221",
    "name": "Noir Twinings Earl Grey x25",
    "brand": "Twinings Earl Grey",
    "category": "the",
    "subcategory": "noir",
    "price": 3.49,
    "price_per_unit": 3.49,
    "unit": "unité",
    "quantity": "x25",
    "is_bio": false,
    "is_vegan": false,
    "is_available": true,
    "url": "https://drive.carrefour.fr/product/PRD_0221",
    "image_url": "https://images.carrefour.fr/PRD_0221.jpg"
  },
  {
    "id": "PRD_0222",
    "name": "Infusion Lipton x25",
    "brand": "Lipton",
    "category": "the",
    "subcategory": "infusion",
    "price": 2.69,
    "price_per_unit": 2.69,
    "unit": "unité",
    "quantity": "x25",
    "is_bio": false,
    "is_vegan": false,
    "is_available": true,
    "url": "https://drive.carrefour.fr/product/PRD_0222",
    "image_url": "https://images.carrefour.fr/PRD_0222.jpg"
  },
  {
    "id": "PRD_0223",
    "name": "Infusion Elephant x25",
    "brand": "Elephant",
    "category": "the",
    "subcategory": "infusion",
    "price": 2.89,
    "price_per_unit": 2.89,
    "unit": "unité",
    "quantity": "x25",
    "is_bio": false,
    "is_vegan": false,
    "is_available": true,
    "url": "https://drive.carrefour.fr/product/PRD_0223",
    "image_url": "https://images.carrefour.fr/PRD_0223.jpg"
  },
  {
    "id": "PRD_0224",
    "name": "Fraise Bonne Maman 370g",
    "brand": "Bonne Maman",
    "category": "confiture",
    "subcategory": "fraise",
    "price": 2.99,
    "price_per_unit": 8.08,
    "unit": "kg",
    "quantity": "370g",
    "is_bio": false,
    "is_vegan": false,
    "is_available": true,
    "url": "https://drive.carrefour.fr/product/PRD_0224",
    "image_url": "https://images.carrefour.fr/PRD_0224.jpg"
  },
  {
    "id": "PRD_0225",
    "name": "Fraise Carrefour 370g",
    "brand": "Carrefour",
    "category": "confiture",
    "subcategory": "fraise",
    "price": 1.69,
    "price_per_unit": 4.57,
    "unit": "kg",
    "quantity": "370g",
    "is_bio": false,
    "is_vegan": false,
    "is_available": false,
    "url": "https://drive.carrefour.fr/product/PRD_0225",
    "image_url": "https://images.carrefour.fr/PRD_0225.jpg"
  },
  {
    "id": "PRD_0226",
    "name": "Abricot Bonne Maman 370g",
    "brand": "Bonne Maman",
    "category": "confiture",
    "subcategory": "abricot",
    "price": 2.99,
    "price_per_unit": 8.08,
    "unit": "kg",
    "quantity": "370g",
    "is_bio": false,
    "is_vegan": false,
    "is_available": true,
    "url": "https://drive.carrefour.fr/product/PRD_0226",
    "image_url": "https://images.carrefour.fr/PRD_0226.jpg"
  },
  {
    "id": "PRD_0227",
    "name": "Abricot St Dalfour 284g",
    "brand": "St Dalfour",
    "category": "confiture",
    "subcategory": "abricot",
    "price": 3.49,
    "price_per_unit": 12.29,
    "unit": "kg",
    "quantity": "284g",
    "is_bio": false,
    "is_vegan": false,
    "is_available": true,
    "url": "https://drive.carrefour.fr/product/PRD_0227",
    "image_url": "https://images.carrefour.fr/PRD_0227.jpg"
  },
  {
    "id": "PRD_0228",
    "name": "Miel Lune de Miel 375g",
    "brand": "Lune de Miel",
    "category": "confiture",
    "subcategory": "miel",
    "price": 4.99,
    "price_per_unit": 13.31,
    "unit": "kg",
    "quantity": "375g",
    "is_bio": false,
    "is_vegan": false,
    "is_available": true,
    "url": "https://drive.carrefour.fr/product/PRD_0228",
    "image_url": "https://images.carrefour.fr/PRD_0228.jpg"
  },
  {
    "id": "PRD_0229",
    "name": "Miel Carrefour 500g",
    "brand": "Carrefour",
    "category": "confiture",
    "subcategory": "miel",
    "price": 3.49,
    "price_per_unit": 6.98,
    "unit": "kg",
    "quantity": "500g",
    "is_bio": false,
    "is_vegan": false,
    "is_available": true,
    "url": "https://drive.carrefour.fr/product/PRD_0229",
    "image_url": "https://images.carrefour.fr/PRD_0229.jpg"
  },
  {
    "id": "PRD_0230",
    "name": "Mie Harry's 500g",
    "brand": "Harry's",
    "category": "pain",
    "subcategory": "mie",
    "price": 2.49,
    "price_per_unit": 4.98,
    "unit": "kg",
    "quantity": "500g",
    "is_bio": false,
    "is_vegan": false,
    "is_available": true,
    "url": "https://drive.carrefour.fr/product/PRD_0230",
    "image_url": "https://images.carrefour.fr/PRD_0230.jpg"
  },
  {
    "id": "PRD_0231",
    "name": "Mie Jacquet 500g",
    "brand": "Jacquet",
    "category": "pain",
    "subcategory": "mie",
    "price": 2.29,
    "price_per_unit": 4.58,
    "unit": "kg",
    "quantity": "500g",
    "is_bio": false,
    "is_vegan": false,
    "is_available": true,
    "url": "https://drive.carrefour.fr/product/PRD_0231",
    "image_url": "https://images.carrefour.fr/PRD_0231.jpg"
  },
  {
    "id": "PRD_0232",
    "name": "Mie Carrefour 500g",
    "brand": "Carrefour",
    "category": "pain",
    "subcategory": "mie",
    "price": 1.29,
    "price_per_unit": 2.58,
    "unit": "kg",
    "quantity": "500g",
    "is_bio": false,
    "is_vegan": false,
    "is_available": true,
    "url": "https://drive.carrefour.fr/product/PRD_0232",
    "image_url": "https://images.carrefour.fr/PRD_0232.jpg"
  },
  {
    "id": "PRD_0233",
    "name": "Complet Harry's 100% Mie Complet 500g",
    "brand": "Harry's 100% Mie Complet",
    "category": "pain",
    "subcategory": "complet",
    "price": 2.79,
    "price_per_unit": 5.58,
    "unit": "kg",
    "quantity": "500g",
    "is_bio": false,
    "is_vegan": false,
    "is_available": true,
    "url": "https://drive.carrefour.fr/product/PRD_0233",
    "image_url": "https://images.carrefour.fr/PRD_0233.jpg"
  },
  {
    "id": "PRD_0234",
    "name": "Complet Carrefour Bio 500g",
    "brand": "Carrefour Bio",
    "category": "pain",
    "subcategory": "complet",
    "price": 2.99,
    "price_per_unit": 5.98,
    "unit": "kg",
    "quantity": "500g",
    "is_bio": true,
    "is_vegan": false,
    "is_available": true,
    "url": "https://drive.carrefour.fr/product/PRD_0234",
    "image_url": "https://images.carrefour.fr/PRD_0234.jpg"
  },
  {
    "id": "PRD_0235",
    "name": "Brioche Pasquier 400g",
    "brand": "Pasquier",
    "category": "pain",
    "subcategory": "brioche",
    "price": 2.99,
    "price_per_unit": 7.48,
    "unit": "kg",
    "quantity": "400g",
    "is_bio": false,
    "is_vegan": false,
    "is_available": true,
    "url": "https://drive.carrefour.fr/product/PRD_0235",
    "image_url": "https://images.carrefour.fr/PRD_0235.jpg"
  },
  {
    "id": "PRD_0236",
    "name": "Brioche La Boulangère 400g",
    "brand": "La Boulangère",
    "category": "pain",
    "subcategory": "brioche",
    "price": 2.79,
    "price_per_unit": 6.97,
    "unit": "kg",
    "quantity": "400g",
    "is_bio": false,
    "is_vegan": false,
    "is_available": true,
    "url": "https://drive.carrefour.fr/product/PRD_0236",
    "image_url": "https://images.carrefour.fr/PRD_0236.jpg"
  },
  {
    "id": "PRD_0237",
    "name": "Tomate Panzani 400g",
    "brand": "Panzani",
    "category": "sauce",
    "subcategory": "tomate",
    "price": 1.49,
    "price_per_unit": 3.72,
    "unit": "kg",
    "quantity": "400g",
    "is_bio": false,
    "is_vegan": false,
    "is_available": true,
    "url": "https://drive.carrefour.fr/product/PRD_0237",
    "image_url": "https://images.carrefour.fr/PRD_0237.jpg"
  },
  {
    "id": "PRD_0238",
    "name": "Tomate Barilla 400g",
    "brand": "Barilla",
    "category": "sauce",
    "subcategory": "tomate",
    "price": 1.89,
    "price_per_unit": 4.72,
    "unit": "kg",
    "quantity": "400g",
    "is_bio": false,
    "is_vegan": false,
    "is_available": true,
    "url": "https://drive.carrefour.fr/product/PRD_0238",
    "image_url": "https://images.carrefour.fr/PRD_0238.jpg"
  },
  {
    "id": "PRD_0239",
    "name": "Tomate Mutti 400g",
    "brand": "Mutti",
    "category": "sauce",
    "subcategory": "tomate",
    "price": 2.29,
    "price_per_unit": 5.72,
    "unit": "kg",
    "quantity": "400g",
    "is_bio": false,
    "is_vegan": false,
    "is_available": true,
    "url": "https://drive.carrefour.fr/product/PRD_0239",
    "image_url": "https://images.carrefour.fr/PRD_0239.jpg"
  },
  {
    "id": "PRD_0240",
    "name": "Pesto Barilla 190g",
    "brand": "Barilla",
    "category": "sauce",
    "subcategory": "pesto",
    "price": 2.49,
    "price_per_unit": 13.11,
    "unit": "kg",
    "quantity": "190g",
    "is_bio": false,
    "is_vegan": false,
    "is_available": true,
    "url": "https://drive.carrefour.fr/product/PRD_0240",
    "image_url": "https://images.carrefour.fr/PRD_0240.jpg"
  },
  {
    "id": "PRD_0241",
    "name": "Pesto Sacla 190g",
    "brand": "Sacla",
    "category": "sauce",
    "subcategory": "pesto",
    "price": 2.99,
    "price_per_unit": 15.74,
    "unit": "kg",
    "quantity": "190g",
    "is_bio": false,
    "is_vegan": false,
    "is_available": true,
    "url": "https://drive.carrefour.fr/product/PRD_0241",
    "image_url": "https://images.carrefour.fr/PRD_0241.jpg"
  },
  {
    "id": "PRD_0242",
    "name": "Bolognaise Panzani 400g",
    "brand": "Panzani",
    "category": "sauce",
    "subcategory": "bolognaise",
    "price": 1.99,
    "price_per_unit": 4.97,
    "unit": "kg",
    "quantity": "400g",
    "is_bio": false,
    "is_vegan": false,
    "is_available": true,
    "url": "https://drive.carrefour.fr/product/PRD_0242",
    "image_url": "https://images.carrefour.fr/PRD_0242.jpg"
  },
  {
    "id": "PRD_0243",
    "name": "Bolognaise Barilla 400g",
    "brand": "Barilla",
    "category": "sauce",
    "subcategory": "bolognaise",
    "price": 2.29,
    "price_per_unit": 5.72,
    "unit": "kg",
    "quantity": "400g",
    "is_bio": false,
    "is_vegan": false,
    "is_available": true,
    "url": "https://drive.carrefour.fr/product/PRD_0243",
    "image_url": "https://images.carrefour.fr/PRD_0243.jpg"
  },
  {
    "id": "PRD_0244",
    "name": "Ketchup Heinz 342g",
    "brand": "Heinz",
    "category": "sauce",
    "subcategory": "ketchup",
    "price": 2.49,
    "price_per_unit": 7.28,
    "unit": "kg",
    "quantity": "342g",
    "is_bio": false,
    "is_vegan": false,
    "is_available": true,
    "url": "https://drive.carrefour.fr/product/PRD_0244",
    "image_url": "https://images.carrefour.fr/PRD_0244.jpg"
  },
  {
    "id": "PRD_0245",
    "name": "Ketchup Heinz 570g",
    "brand": "Heinz",
    "category": "sauce",
    "subcategory": "ketchup",
    "price": 2.49,
    "price_per_unit": 4.37,
    "unit": "kg",
    "quantity": "570g",
    "is_bio": false,
    "is_vegan": false,
    "is_available": true,
    "url": "https://drive.carrefour.fr/product/PRD_0245",
    "image_url": "https://images.carrefour.fr/PRD_0245.jpg"
  },
  {
    "id": "PRD_0246",
    "name": "Ketchup Amora 300g",
    "brand": "Amora",
    "category": "sauce",
    "subcategory": "ketchup",
    "price": 1.99,
    "price_per_unit": 6.63,
    "unit": "kg",
    "quantity": "300g",
    "is_bio": false,
    "is_vegan": false,
    "is_available": true,
    "url": "https://drive.carrefour.fr/product/PRD_0246",
    "image_url": "https://images.carrefour.fr/PRD_0246.jpg"
  },
  {
    "id": "PRD_0247",
    "name": "Mayonnaise Amora 235g",
    "brand": "Amora",
    "category": "sauce",
    "subcategory": "mayonnaise",
    "price": 2.29,
    "price_per_unit": 9.74,
    "unit": "kg",
    "quantity": "235g",
    "is_bio": false,
    "is_vegan": false,
    "is_available": true,
    "url": "https://drive.carrefour.fr/product/PRD_0247",
    "image_url": "https://images.carrefour.fr/PRD_0247.jpg"
  },
  {
    "id": "PRD_0248",
    "name": "Mayonnaise Amora 470g",
    "brand": "Amora",
    "category": "sauce",
    "subcategory": "mayonnaise",
    "price": 2.29,
    "price_per_unit": 4.87,
    "unit": "kg",
    "quantity": "470g",
    "is_bio": false,
    "is_vegan": false,
    "is_available": true,
    "url": "https://drive.carrefour.fr/product/PRD_0248",
    "image_url": "https://images.carrefour.fr/PRD_0248.jpg"
  },
  {
    "id": "PRD_0249",
    "name": "Mayonnaise Heinz 400g",
    "brand": "Heinz",
    "category": "sauce",
    "subcategory": "mayonnaise",
    "price": 2.49,
    "price_per_unit": 6.23,
    "unit": "kg",
    "quantity": "400g",
    "is_bio": false,
    "is_vegan": false,
    "is_available": true,
    "url": "https://drive.carrefour.fr/product/PRD_0249",
    "image_url": "https://images.carrefour.fr/PRD_0249.jpg"
  },
  {
    "id": "PRD_0250",
    "name": "Mayonnaise Carrefour 235g",
    "brand": "Carrefour",
    "category": "sauce",
    "subcategory": "mayonnaise",
    "price": 1.29,
    "price_per_unit": 5.49,
    "unit": "kg",
    "quantity": "235g",
    "is_bio": false,
    "is_vegan": false,
    "is_available": true,
    "url": "https://drive.carrefour.fr/product/PRD_0250",
    "image_url": "https://images.carrefour.fr/PRD_0250.jpg"
  },
  {
    "id": "PRD_0251",
    "name": "Tomates Pelees Mutti 400g",
    "brand": "Mutti",
    "category": "conserve",
    "subcategory": "tomates_pelees",
    "price": 1.69,
    "price_per_unit": 4.22,
    "unit": "kg",
    "quantity": "400g",
    "is_bio": false,
    "is_vegan": false,
    "is_available": false,
    "url": "https://drive.carrefour.fr/product/PRD_0251",
    "image_url": "https://images.carrefour.fr/PRD_0251.jpg"
  },
  {
    "id": "PRD_0252",
    "name": "Tomates Pelees Carrefour 400g",
    "brand": "Carrefour",
    "category": "conserve",
    "subcategory": "tomates_pelees",
    "price": 0.89,
    "price_per_unit": 2.23,
    "unit": "kg",
    "quantity": "400g",
    "is_bio": false,
    "is_vegan": false,
    "is_available": false,
    "url": "https://drive.carrefour.fr/product/PRD_0252",
    "image_url": "https://images.carrefour.fr/PRD_0252.jpg"
  },
  {
    "id": "PRD_0253",
    "name": "Tomates Pelees Carrefour 800g",
    "brand": "Carrefour",
    "category": "conserve",
    "subcategory": "tomates_pelees",
    "price": 0.89,
    "price_per_unit": 1.11,
    "unit": "kg",
    "quantity": "800g",
    "is_bio": false,
    "is_vegan": false,
    "is_available": true,
    "url": "https://drive.carrefour.fr/product/PRD_0253",
    "image_url": "https://images.carrefour.fr/PRD_0253.jpg"
  },
  {
    "id": "PRD_0254",
    "name": "Mais Bonduelle 285g",
    "brand": "Bonduelle",
    "category": "conserve",
    "subcategory": "mais",
    "price": 1.79,
    "price_per_unit": 6.28,
    "unit": "kg",
    "quantity": "285g",
    "is_bio": false,
    "is_vegan": false,
    "is_available": true,
    "url": "https://drive.carrefour.fr/product/PRD_0254",
    "image_url": "https://images.carrefour.fr/PRD_0254.jpg"
  },
  {
    "id": "PRD_0255",
    "name": "Mais Bonduelle 570g",
    "brand": "Bonduelle",
    "category": "conserve",
    "subcategory": "mais",
    "price": 1.79,
    "price_per_unit": 3.14,
    "unit": "kg",
    "quantity": "570g",
    "is_bio": false,
    "is_vegan": false,
    "is_available": false,
    "url": "https://drive.carrefour.fr/product/PRD_0255",
    "image_url": "https://images.carrefour.fr/PRD_0255.jpg"
  },
  {
    "id": "PRD_0256",
    "name": "Mais Carrefour 285g",
    "brand": "Carrefour",
    "category": "conserve",
    "subcategory": "mais",
    "price": 0.99,
    "price_per_unit": 3.47,
    "unit": "kg",
    "quantity": "285g",
    "is_bio": false,
    "is_vegan": false,
    "is_available": true,
    "url": "https://drive.carrefour.fr/product/PRD_0256",
    "image_url": "https://images.carrefour.fr/PRD_0256.jpg"
  },
  {
    "id": "PRD_0257",
    "name": "Haricots Verts Bonduelle 440g",
    "brand": "Bonduelle",
    "category": "conserve",
    "subcategory": "haricots_verts",
    "price": 1.89,
    "price_per_unit": 4.3,
    "unit": "kg",
    "quantity": "440g",
    "is_bio": false,
    "is_vegan": false,
    "is_available": true,
    "url": "https://drive.carrefour.fr/product/PRD_0257",
    "image_url": "https://images.carrefour.fr/PRD_0257.jpg"
  },
  {
    "id": "PRD_0258",
    "name": "Haricots Verts Carrefour 440g",
    "brand": "Carrefour",
    "category": "conserve",
    "subcategory": "haricots_verts",
    "price": 1.29,
    "price_per_unit": 2.93,
    "unit": "kg",
    "quantity": "440g",
    "is_bio": false,
    "is_vegan": false,
    "is_available": true,
    "url": "https://drive.carrefour.fr/product/PRD_0258",
    "image_url": "https://images.carrefour.fr/PRD_0258.jpg"
  },
  {
    "id": "PRD_0259",
    "name": "Thon Petit Navire 140g",
    "brand": "Petit Navire",
    "category": "conserve",
    "subcategory": "thon",
    "price": 2.99,
    "price_per_unit": 21.36,
    "unit": "kg",
    "quantity": "140g",
    "is_bio": false,
    "is_vegan": false,
    "is_available": true,
    "url": "https://drive.carrefour.fr/product/PRD_0259",
    "image_url": "https://images.carrefour.fr/PRD_0259.jpg"
  },
  {
    "id": "PRD_0260",
    "name": "Thon Petit Navire 280g",
    "brand": "Petit Navire",
    "category": "conserve",
    "subcategory": "thon",
    "price": 2.99,
    "price_per_unit": 10.68,
    "unit": "kg",
    "quantity": "280g",
    "is_bio": false,
    "is_vegan": false,
    "is_available": true,
    "url": "https://drive.carrefour.fr/product/PRD_0260",
    "image_url": "https://images.carrefour.fr/PRD_0260.jpg"
  },
  {
    "id": "PRD_0261",
    "name": "Thon Saupiquet 140g",
    "brand": "Saupiquet",
    "category": "conserve",
    "subcategory": "thon",
    "price": 2.79,
    "price_per_unit": 19.93,
    "unit": "kg",
    "quantity": "140g",
    "is_bio": false,
    "is_vegan": false,
    "is_available": true,
    "url": "https://drive.carrefour.fr/product/PRD_0261",
    "image_url": "https://images.carrefour.fr/PRD_0261.jpg"
  },
  {
    "id": "PRD_0262",
    "name": "Thon Carrefour 140g",
    "brand": "Carrefour",
    "category": "conserve",
    "subcategory": "thon",
    "price": 1.99,
    "price_per_unit": 14.21,
    "unit": "kg",
    "quantity": "140g",
    "is_bio": false,
    "is_vegan": false,
    "is_available": true,
    "url": "https://drive.carrefour.fr/product/PRD_0262",
    "image_url": "https://images.carrefour.fr/PRD_0262.jpg"
  },
  {
    "id": "PRD_0263",
    "name": "Sardines Connétable 135g",
    "brand": "Connétable",
    "category": "conserve",
    "subcategory": "sardines",
    "price": 2.49,
    "price_per_unit": 18.44,
    "unit": "kg",
    "quantity": "135g",
    "is_bio": false,
    "is_vegan": false,
    "is_available": true,
    "url": "https://drive.carrefour.fr/product/PRD_0263",
    "image_url": "https://images.carrefour.fr/PRD_0263.jpg"
  },
  {
    "id": "PRD_0264",
    "name": "Sardines Parmentier 135g",
    "brand": "Parmentier",
    "category": "conserve",
    "subcategory": "sardines",
    "price": 2.29,
    "price_per_unit": 16.96,
    "unit": "kg",
    "quantity": "135g",
    "is_bio": false,
    "is_vegan": false,
    "is_available": true,
    "url": "https://drive.carrefour.fr/product/PRD_0264",
    "image_url": "https://images.carrefour.fr/PRD_0264.jpg"
  },
  {
    "id": "PRD_0265",
    "name": "Olive Puget 50cl",
    "brand": "Puget",
    "category": "huile",
    "subcategory": "olive",
    "price": 5.99,
    "price_per_unit": 5.99,
    "unit": "unité",
    "quantity": "50cl",
    "is_bio": false,
    "is_vegan": false,
    "is_available": true,
    "url": "https://drive.carrefour.fr/product/PRD_0265",
    "image_url": "https://images.carrefour.fr/PRD_0265.jpg"
  },
  {
    "id": "PRD_0266",
    "name": "Olive Puget 1L",
    "brand": "Puget",
    "category": "huile",
    "subcategory": "olive",
    "price": 10.78,
    "price_per_unit": 10.78,
    "unit": "L",
    "quantity": "1L",
    "is_bio": false,
    "is_vegan": false,
    "is_available": true,
    "url": "https://drive.carrefour.fr/product/PRD_0266",
    "image_url": "https://images.carrefour.fr/PRD_0266.jpg"
  },
  {
    "id": "PRD_0267",
    "name": "Olive Carapelli 75cl",
    "brand": "Carapelli",
    "category": "huile",
    "subcategory": "olive",
    "price": 6.49,
    "price_per_unit": 6.49,
    "unit": "unité",
    "quantity": "75cl",
    "is_bio": false,
    "is_vegan": false,
    "is_available": true,
    "url": "https://drive.carrefour.fr/product/PRD_0267",
    "image_url": "https://images.carrefour.fr/PRD_0267.jpg"
  },
  {
    "id": "PRD_0268",
    "name": "Olive Carrefour Bio 50cl",
    "brand": "Carrefour Bio",
    "category": "huile",
    "subcategory": "olive",
    "price": 5.49,
    "price_per_unit": 5.49,
    "unit": "unité",
    "quantity": "50cl",
    "is_bio": true,
    "is_vegan": false,
    "is_available": true,
    "url": "https://drive.carrefour.fr/product/PRD_0268",
    "image_url": "https://images.carrefour.fr/PRD_0268.jpg"
  },
  {
    "id": "PRD_0269",
    "name": "Tournesol Lesieur 1L",
    "brand": "Lesieur",
    "category": "huile",
    "subcategory": "tournesol",
    "price": 4.48,
    "price_per_unit": 4.48,
    "unit": "L",
    "quantity": "1L",
    "is_bio": false,
    "is_vegan": false,
    "is_available": true,
    "url": "https://drive.carrefour.fr/product/PRD_0269",
    "image_url": "https://images.carrefour.fr/PRD_0269.jpg"
  },
  {
    "id": "PRD_0270",
    "name": "Tournesol Carrefour 1L",
    "brand": "Carrefour",
    "category": "huile",
    "subcategory": "tournesol",
    "price": 3.4,
    "price_per_unit": 3.4,
    "unit": "L",
    "quantity": "1L",
    "is_bio": false,
    "is_vegan": false,
    "is_available": true,
    "url": "https://drive.carrefour.fr/product/PRD_0270",
    "image_url": "https://images.carrefour.fr/PRD_0270.jpg"
  },
  {
    "id": "PRD_0271",
    "name": "Colza Lesieur 1L",
    "brand": "Lesieur",
    "category": "huile",
    "subcategory": "colza",
    "price": 4.84,
    "price_per_unit": 4.84,
    "unit": "L",
    "quantity": "1L",
    "is_bio": false,
    "is_vegan": false,
    "is_available": true,
    "url": "https://drive.carrefour.fr/product/PRD_0271",
    "image_url": "https://images.carrefour.fr/PRD_0271.jpg"
  },
  {
    "id": "PRD_0272",
    "name": "Colza Carrefour Bio 1L",
    "brand": "Carrefour Bio",
    "category": "huile",
    "subcategory": "colza",
    "price": 5.92,
    "price_per_unit": 5.92,
    "unit": "L",
    "quantity": "1L",
    "is_bio": true,
    "is_vegan": false,
    "is_available": true,
    "url": "https://drive.carrefour.fr/product/PRD_0272",
    "image_url": "https://images.carrefour.fr/PRD_0272.jpg"
  },
  {
    "id": "PRD_0273",
    "name": "Pizza Buitoni 350g",
    "brand": "Buitoni",
    "category": "surgele",
    "subcategory": "pizza",
    "price": 3.99,
    "price_per_unit": 11.4,
    "unit": "kg",
    "quantity": "350g",
    "is_bio": false,
    "is_vegan": false,
    "is_available": true,
    "url": "https://drive.carrefour.fr/product/PRD_0273",
    "image_url": "https://images.carrefour.fr/PRD_0273.jpg"
  },
  {
    "id": "PRD_0274",
    "name": "Pizza Buitoni 570g",
    "brand": "Buitoni",
    "category": "surgele",
    "subcategory": "pizza",
    "price": 3.99,
    "price_per_unit": 7.0,
    "unit": "kg",
    "quantity": "570g",
    "is_bio": false,
    "is_vegan": false,
    "is_available": false,
    "url": "https://drive.carrefour.fr/product/PRD_0274",
    "image_url": "https://images.carrefour.fr/PRD_0274.jpg"
  },
  {
    "id": "PRD_0275",
    "name": "Pizza Dr Oetker 340g",
    "brand": "Dr Oetker",
    "category": "surgele",
    "subcategory": "pizza",
    "price": 3.49,
    "price_per_unit": 10.26,
    "unit": "kg",
    "quantity": "340g",
    "is_bio": false,
    "is_vegan": false,
    "is_available": true,
    "url": "https://drive.carrefour.fr/product/PRD_0275",
    "image_url": "https://images.carrefour.fr/PRD_0275.jpg"
  },
  {
    "id": "PRD_0276",
    "name": "Pizza Carrefour 350g",
    "brand": "Carrefour",
    "category": "surgele",
    "subcategory": "pizza",
    "price": 2.49,
    "price_per_unit": 7.11,
    "unit": "kg",
    "quantity": "350g",
    "is_bio": false,
    "is_vegan": false,
    "is_available": true,
    "url": "https://drive.carrefour.fr/product/PRD_0276",
    "image_url": "https://images.carrefour.fr/PRD_0276.jpg"
  },
  {
    "id": "PRD_0277",
    "name": "Frites McCain 1kg",
    "brand": "McCain",
    "category": "surgele",
    "subcategory": "frites",
    "price": 5.38,
    "price_per_unit": 5.38,
    "unit": "kg",
    "quantity": "1kg",
    "is_bio": false,
    "is_vegan": false,
    "is_available": true,
    "url": "https://drive.carrefour.fr/product/PRD_0277",
    "image_url": "https://images.carrefour.fr/PRD_0277.jpg"
  },
  {
    "id": "PRD_0278",
    "name": "Frites Carrefour 1kg",
    "brand": "Carrefour",
    "category": "surgele",
    "subcategory": "frites",
    "price": 3.58,
    "price_per_unit": 3.58,
    "unit": "kg",
    "quantity": "1kg",
    "is_bio": false,
    "is_vegan": false,
    "is_available": true,
    "url": "https://drive.carrefour.fr/product/PRD_0278",
    "image_url": "https://images.carrefour.fr/PRD_0278.jpg"
  },
  {
    "id": "PRD_0279",
    "name": "Legumes Bonduelle 750g",
    "brand": "Bonduelle",
    "category": "surgele",
    "subcategory": "legumes",
    "price": 2.99,
    "price_per_unit": 3.99,
    "unit": "kg",
    "quantity": "750g",
    "is_bio": false,
    "is_vegan": false,
    "is_available": true,
    "url": "https://drive.carrefour.fr/product/PRD_0279",
    "image_url": "https://images.carrefour.fr/PRD_0279.jpg"
  },
  {
    "id": "PRD_0280",
    "name": "Legumes Carrefour 1kg",
    "brand": "Carrefour",
    "category": "surgele",
    "subcategory": "legumes",
    "price": 4.48,
    "price_per_unit": 4.48,
    "unit": "kg",
    "quantity": "1kg",
    "is_bio": false,
    "is_vegan": false,
    "is_available": true,
    "url": "https://drive.carrefour.fr/product/PRD_0280",
    "image_url": "https://images.carrefour.fr/PRD_0280.jpg"
  },
  {
    "id": "PRD_0281",
    "name": "Glace Häagen-Dazs 460ml",
    "brand": "Häagen-Dazs",
    "category": "surgele",
    "subcategory": "glace",
    "price": 5.99,
    "price_per_unit": 13.02,
    "unit": "L",
    "quantity": "460ml",
    "is_bio": false,
    "is_vegan": false,
    "is_available": true,
    "url": "https://drive.carrefour.fr/product/PRD_0281",
    "image_url": "https://images.carrefour.fr/PRD_0281.jpg"
  },
  {
    "id": "PRD_0282",
    "name": "Glace Ben & Jerry's 465ml",
    "brand": "Ben & Jerry's",
    "category": "surgele",
    "subcategory": "glace",
    "price": 5.99,
    "price_per_unit": 12.88,
    "unit": "L",
    "quantity": "465ml",
    "is_bio": false,
    "is_vegan": false,
    "is_available": true,
    "url": "https://drive.carrefour.fr/product/PRD_0282",
    "image_url": "https://images.carrefour.fr/PRD_0282.jpg"
  },
  {
    "id": "PRD_0283",
    "name": "Glace Carte d'Or 900ml",
    "brand": "Carte d'Or",
    "category": "surgele",
    "subcategory": "glace",
    "price": 4.49,
    "price_per_unit": 4.99,
    "unit": "L",
    "quantity": "900ml",
    "is_bio": false,
    "is_vegan": false,
    "is_available": true,
    "url": "https://drive.carrefour.fr/product/PRD_0283",
    "image_url": "https://images.carrefour.fr/PRD_0283.jpg"
  },
  {
    "id": "PRD_0284",
    "name": "Poisson Pane Findus 400g",
    "brand": "Findus",
    "category": "surgele",
    "subcategory": "poisson_pane",
    "price": 4.99,
    "price_per_unit": 12.47,
    "unit": "kg",
    "quantity": "400g",
    "is_bio": false,
    "is_vegan": false,
    "is_available": true,
    "url": "https://drive.carrefour.fr/product/PRD_0284",
    "image_url": "https://images.carrefour.fr/PRD_0284.jpg"
  },
  {
    "id": "PRD_0285",
    "name": "Poisson Pane Carrefour 400g",
    "brand": "Carrefour",
    "category": "surgele",
    "subcategory": "poisson_pane",
    "price": 3.49,
    "price_per_unit": 8.72,
    "unit": "kg",
    "quantity": "400g",
    "is_bio": false,
    "is_vegan": false,
    "is_available": true,
    "url": "https://drive.carrefour.fr/product/PRD_0285",
    "image_url": "https://images.carrefour.fr/PRD_0285.jpg"
  },
  {
    "id": "PRD_0286",
    "name": "Poulet Le Gaulois 500g",
    "brand": "Le Gaulois",
    "category": "viande",
    "subcategory": "poulet",
    "price": 6.99,
    "price_per_unit": 13.98,
    "unit": "kg",
    "quantity": "500g",
    "is_bio": false,
    "is_vegan": false,
    "is_available": true,
    "url": "https://drive.carrefour.fr/product/PRD_0286",
    "image_url": "https://images.carrefour.fr/PRD_0286.jpg"
  },
  {
    "id": "PRD_0287",
    "name": "Poulet Carrefour 500g",
    "brand": "Carrefour",
    "category": "viande",
    "subcategory": "poulet",
    "price": 5.49,
    "price_per_unit": 10.98,
    "unit": "kg",
    "quantity": "500g",
    "is_bio": false,
    "is_vegan": false,
    "is_available": true,
    "url": "https://drive.carrefour.fr/product/PRD_0287",
    "image_url": "https://images.carrefour.fr/PRD_0287.jpg"
  },
  {
    "id": "PRD_0288",
    "name": "Poulet Carrefour Bio 400g",
    "brand": "Carrefour Bio",
    "category": "viande",
    "subcategory": "poulet",
    "price": 8.99,
    "price_per_unit": 22.47,
    "unit": "kg",
    "quantity": "400g",
    "is_bio": true,
    "is_vegan": false,
    "is_available": true,
    "url": "https://drive.carrefour.fr/product/PRD_0288",
    "image_url": "https://images.carrefour.fr/PRD_0288.jpg"
  },
  {
    "id": "PRD_0289",
    "name": "Boeuf Hache Charal 350g",
    "brand": "Charal",
    "category": "viande",
    "subcategory": "boeuf_hache",
    "price": 5.99,
    "price_per_unit": 17.11,
    "unit": "kg",
    "quantity": "350g",
    "is_bio": false,
    "is_vegan": false,
    "is_available": false,
    "url": "https://drive.carrefour.fr/product/PRD_0289",
    "image_url": "https://images.carrefour.fr/PRD_0289.jpg"
  },
  {
    "id": "PRD_0290",
    "name": "Boeuf Hache Carrefour 350g",
    "brand": "Carrefour",
    "category": "viande",
    "subcategory": "boeuf_hache",
    "price": 4.49,
    "price_per_unit": 12.83,
    "unit": "kg",
    "quantity": "350g",
    "is_bio": false,
    "is_vegan": false,
    "is_available": true,
    "url": "https://drive.carrefour.fr/product/PRD_0290",
    "image_url": "https://images.carrefour.fr/PRD_0290.jpg"
  },
  {
    "id": "PRD_0291",
    "name": "Jambon Herta x4",
    "brand": "Herta",
    "category": "viande",
    "subcategory": "jambon",
    "price": 2.99,
    "price_per_unit": 2.99,
    "unit": "unité",
    "quantity": "x4",
    "is_bio": false,
    "is_vegan": false,
    "is_available": true,
    "url": "https://drive.carrefour.fr/product/PRD_0291",
    "image_url": "https://images.carrefour.fr/PRD_0291.jpg"
  },
  {
    "id": "PRD_0292",
    "name": "Jambon Herta x6",
    "brand": "Herta",
    "category": "viande",
    "subcategory": "jambon",
    "price": 2.99,
    "price_per_unit": 2.99,
    "unit": "unité",
    "quantity": "x6",
    "is_bio": false,
    "is_vegan": false,
    "is_available": true,
    "url": "https://drive.carrefour.fr/product/PRD_0292",
    "image_url": "https://images.carrefour.fr/PRD_0292.jpg"
  },
  {
    "id": "PRD_0293",
    "name": "Jambon Fleury Michon x4",
    "brand": "Fleury Michon",
    "category": "viande",
    "subcategory": "jambon",
    "price": 3.29,
    "price_per_unit": 3.29,
    "unit": "unité",
    "quantity": "x4",
    "is_bio": false,
    "is_vegan": false,
    "is_available": true,
    "url": "https://drive.carrefour.fr/product/PRD_0293",
    "image_url": "https://images.carrefour.fr/PRD_0293.jpg"
  },
  {
    "id": "PRD_0294",
    "name": "Jambon Carrefour x4",
    "brand": "Carrefour",
    "category": "viande",
    "subcategory": "jambon",
    "price": 1.99,
    "price_per_unit": 1.99,
    "unit": "unité",
    "quantity": "x4",
    "is_bio": false,
    "is_vegan": false,
    "is_available": true,
    "url": "https://drive.carrefour.fr/product/PRD_0294",
    "image_url": "https://images.carrefour.fr/PRD_0294.jpg"
  },
  {
    "id": "PRD_0295",
    "name": "Lardons Herta 200g",
    "brand": "Herta",
    "category": "viande",
    "subcategory": "lardons",
    "price": 2.49,
    "price_per_unit": 12.45,
    "unit": "kg",
    "quantity": "200g",
    "is_bio": false,
    "is_vegan": false,
    "is_available": true,
    "url": "https://drive.carrefour.fr/product/PRD_0295",
    "image_url": "https://images.carrefour.fr/PRD_0295.jpg"
  },
  {
    "id": "PRD_0296",
    "name": "Lardons Carrefour 200g",
    "brand": "Carrefour",
    "category": "viande",
    "subcategory": "lardons",
    "price": 1.79,
    "price_per_unit": 8.95,
    "unit": "kg",
    "quantity": "200g",
    "is_bio": false,
    "is_vegan": false,
    "is_available": false,
    "url": "https://drive.carrefour.fr/product/PRD_0296",
    "image_url": "https://images.carrefour.fr/PRD_0296.jpg"
  },
  {
    "id": "PRD_0297",
    "name": "Tomate Vrac kg",
    "brand": "Vrac",
    "category": "legume_frais",
    "subcategory": "tomate",
    "price": 2.99,
    "price_per_unit": 2.99,
    "unit": "unité",
    "quantity": "kg",
    "is_bio": false,
    "is_vegan": false,
    "is_available": true,
    "url": "https://drive.carrefour.fr/product/PRD_0297",
    "image_url": "https://images.carrefour.fr/PRD_0297.jpg"
  },
  {
    "id": "PRD_0298",
    "name": "Tomate Grappe 500g",
    "brand": "Grappe",
    "category": "legume_frais",
    "subcategory": "tomate",
    "price": 2.49,
    "price_per_unit": 4.98,
    "unit": "kg",
    "quantity": "500g",
    "is_bio": false,
    "is_vegan": false,
    "is_available": true,
    "url": "https://drive.carrefour.fr/product/PRD_0298",
    "image_url": "https://images.carrefour.fr/PRD_0298.jpg"
  },
  {
    "id": "PRD_0299",
    "name": "Tomate Cerise 250g",
    "brand": "Cerise",
    "category": "legume_frais",
    "subcategory": "tomate",
    "price": 2.99,
    "price_per_unit": 11.96,
    "unit": "kg",
    "quantity": "250g",
    "is_bio": false,
    "is_vegan": false,
    "is_available": true,
    "url": "https://drive.carrefour.fr/product/PRD_0299",
    "image_url": "https://images.carrefour.fr/PRD_0299.jpg"
  },
  {
    "id": "PRD_0300",
    "name": "Salade Vrac piece",
    "brand": "Vrac",
    "category": "legume_frais",
    "subcategory": "salade",
    "price": 0.99,
    "price_per_unit": 0.99,
    "unit": "unité",
    "quantity": "piece",
    "is_bio": false,
    "is_vegan": false,
    "is_available": true,
    "url": "https://drive.carrefour.fr/product/PRD_0300",
    "image_url": "https://images.carrefour.fr/PRD_0300.jpg"
  },
  {
    "id": "PRD_0301",
    "name": "Salade Sachet 200g",
    "brand": "Sachet",
    "category": "legume_frais",
    "subcategory": "salade",
    "price": 1.99,
    "price_per_unit": 9.95,
    "unit": "kg",
    "quantity": "200g",
    "is_bio": false,
    "is_vegan": false,
    "is_available": true,
    "url": "https://drive.carrefour.fr/product/PRD_0301",
    "image_url": "https://images.carrefour.fr/PRD_0301.jpg"
  },
  {
    "id": "PRD_0302",
    "name": "Carotte Vrac kg",
    "brand": "Vrac",
    "category": "legume_frais",
    "subcategory": "carotte",
    "price": 1.49,
    "price_per_unit": 1.49,
    "unit": "unité",
    "quantity": "kg",
    "is_bio": false,
    "is_vegan": false,
    "is_available": true,
    "url": "https://drive.carrefour.fr/product/PRD_0302",
    "image_url": "https://images.carrefour.fr/PRD_0302.jpg"
  },
  {
    "id": "PRD_0303",
    "name": "Carotte Carrefour Bio 1kg",
    "brand": "Carrefour Bio",
    "category": "legume_frais",
    "subcategory": "carotte",
    "price": 4.48,
    "price_per_unit": 4.48,
    "unit": "kg",
    "quantity": "1kg",
    "is_bio": true,
    "is_vegan": false,
    "is_available": true,
    "url": "https://drive.carrefour.fr/product/PRD_0303",
    "image_url": "https://images.carrefour.fr/PRD_0303.jpg"
  },
  {
    "id": "PRD_0304",
    "name": "Courgette Vrac kg",
    "brand": "Vrac",
    "category": "legume_frais",
    "subcategory": "courgette",
    "price": 2.29,
    "price_per_unit": 2.29,
    "unit": "unité",
    "quantity": "kg",
    "is_bio": false,
    "is_vegan": false,
    "is_available": false,
    "url": "https://drive.carrefour.fr/product/PRD_0304",
    "image_url": "https://images.carrefour.fr/PRD_0304.jpg"
  },
  {
    "id": "PRD_0305",
    "name": "Oignon Vrac kg",
    "brand": "Vrac",
    "category": "legume_frais",
    "subcategory": "oignon",
    "price": 1.79,
    "price_per_unit": 1.79,
    "unit": "unité",
    "quantity": "kg",
    "is_bio": false,
    "is_vegan": false,
    "is_available": false,
    "url": "https://drive.carrefour.fr/product/PRD_0305",
    "image_url": "https://images.carrefour.fr/PRD_0305.jpg"
  },
  {
    "id": "PRD_0306",
    "name": "Oignon Filet 1kg",
    "brand": "Filet",
    "category": "legume_frais",
    "subcategory": "oignon",
    "price": 3.58,
    "price_per_unit": 3.58,
    "unit": "kg",
    "quantity": "1kg",
    "is_bio": false,
    "is_vegan": false,
    "is_available": true,
    "url": "https://drive.carrefour.fr/product/PRD_0306",
    "image_url": "https://images.carrefour.fr/PRD_0306.jpg"
  },
  {
    "id": "PRD_0307",
    "name": "Pomme De Terre Vrac kg",
    "brand": "Vrac",
    "category": "legume_frais",
    "subcategory": "pomme_de_terre",
    "price": 1.29,
    "price_per_unit": 1.29,
    "unit": "unité",
    "quantity": "kg",
    "is_bio": false,
    "is_vegan": false,
    "is_available": true,
    "url": "https://drive.carrefour.fr/product/PRD_0307",
    "image_url": "https://images.carrefour.fr/PRD_0307.jpg"
  },
  {
    "id": "PRD_0308",
    "name": "Pomme De Terre Carrefour 2.5kg",
    "brand": "Carrefour",
    "category": "legume_frais",
    "subcategory": "pomme_de_terre",
    "price": 2.99,
    "price_per_unit": 1.2,
    "unit": "kg",
    "quantity": "2.5kg",
    "is_bio": false,
    "is_vegan": false,
    "is_available": true,
    "url": "https://drive.carrefour.fr/product/PRD_0308",
    "image_url": "https://images.carrefour.fr/PRD_0308.jpg"
  },
  {
    "id": "PRD_0309",
    "name": "Avocat Vrac piece",
    "brand": "Vrac",
    "category": "legume_frais",
    "subcategory": "avocat",
    "price": 1.49,
    "price_per_unit": 1.49,
    "unit": "unité",
    "quantity": "piece",
    "is_bio": false,
    "is_vegan": false,
    "is_available": true,
    "url": "https://drive.carrefour.fr/product/PRD_0309",
    "image_url": "https://images.carrefour.fr/PRD_0309.jpg"
  },
  {
    "id": "PRD_0310",
    "name": "Avocat Carrefour Bio x2",
    "brand": "Carrefour Bio",
    "category": "legume_frais",
    "subcategory": "avocat",
    "price": 3.49,
    "price_per_unit": 3.49,
    "unit": "unité",
    "quantity": "x2",
    "is_bio": true,
    "is_vegan": false,
    "is_available": true,
    "url": "https://drive.carrefour.fr/product/PRD_0310",
    "image_url": "https://images.carrefour.fr/PRD_0310.jpg"
  },
  {
    "id": "PRD_0311",
    "name": "Pomme Gala kg",
    "brand": "Gala",
    "category": "fruit_frais",
    "subcategory": "pomme",
    "price": 2.49,
    "price_per_unit": 2.49,
    "unit": "unité",
    "quantity": "kg",
    "is_bio": false,
    "is_vegan": false,
    "is_available": true,
    "url": "https://drive.carrefour.fr/product/PRD_0311",
    "image_url": "https://images.carrefour.fr/PRD_0311.jpg"
  },
  {
    "id": "PRD_0312",
    "name": "Pomme Golden kg",
    "brand": "Golden",
    "category": "fruit_frais",
    "subcategory": "pomme",
    "price": 2.29,
    "price_per_unit": 2.29,
    "unit": "unité",
    "quantity": "kg",
    "is_bio": false,
    "is_vegan": false,
    "is_available": true,
    "url": "https://drive.carrefour.fr/product/PRD_0312",
    "image_url": "https://images.carrefour.fr/PRD_0312.jpg"
  },
  {
    "id": "PRD_0313",
    "name": "Pomme Carrefour Bio 1kg",
    "brand": "Carrefour Bio",
    "category": "fruit_frais",
    "subcategory": "pomme",
    "price": 7.18,
    "price_per_unit": 7.18,
    "unit": "kg",
    "quantity": "1kg",
    "is_bio": true,
    "is_vegan": false,
    "is_available": true,
    "url": "https://drive.carrefour.fr/product/PRD_0313",
    "image_url": "https://images.carrefour.fr/PRD_0313.jpg"
  },
  {
    "id": "PRD_0314",
    "name": "Banane Vrac kg",
    "brand": "Vrac",
    "category": "fruit_frais",
    "subcategory": "banane",
    "price": 1.79,
    "price_per_unit": 1.79,
    "unit": "unité",
    "quantity": "kg",
    "is_bio": false,
    "is_vegan": false,
    "is_available": true,
    "url": "https://drive.carrefour.fr/product/PRD_0314",
    "image_url": "https://images.carrefour.fr/PRD_0314.jpg"
  },
  {
    "id": "PRD_0315",
    "name": "Banane Carrefour Bio kg",
    "brand": "Carrefour Bio",
    "category": "fruit_frais",
    "subcategory": "banane",
    "price": 2.29,
    "price_per_unit": 2.29,
    "unit": "unité",
    "quantity": "kg",
    "is_bio": true,
    "is_vegan": false,
    "is_available": true,
    "url": "https://drive.carrefour.fr/product/PRD_0315",
    "image_url": "https://images.carrefour.fr/PRD_0315.jpg"
  },
  {
    "id": "PRD_0316",
    "name": "Orange Vrac kg",
    "brand": "Vrac",
    "category": "fruit_frais",
    "subcategory": "orange",
    "price": 2.19,
    "price_per_unit": 2.19,
    "unit": "unité",
    "quantity": "kg",
    "is_bio": false,
    "is_vegan": false,
    "is_available": true,
    "url": "https://drive.carrefour.fr/product/PRD_0316",
    "image_url": "https://images.carrefour.fr/PRD_0316.jpg"
  },
  {
    "id": "PRD_0317",
    "name": "Orange Filet 2kg",
    "brand": "Filet",
    "category": "fruit_frais",
    "subcategory": "orange",
    "price": 3.99,
    "price_per_unit": 2.0,
    "unit": "kg",
    "quantity": "2kg",
    "is_bio": false,
    "is_vegan": false,
    "is_available": true,
    "url": "https://drive.carrefour.fr/product/PRD_0317",
    "image_url": "https://images.carrefour.fr/PRD_0317.jpg"
  },
  {
    "id": "PRD_0318",
    "name": "Fraise Barquette 250g",
    "brand": "Barquette",
    "category": "fruit_frais",
    "subcategory": "fraise",
    "price": 2.99,
    "price_per_unit": 11.96,
    "unit": "kg",
    "quantity": "250g",
    "is_bio": false,
    "is_vegan": false,
    "is_available": true,
    "url": "https://drive.carrefour.fr/product/PRD_0318",
    "image_url": "https://images.carrefour.fr/PRD_0318.jpg"
  },
  {
    "id": "PRD_0319",
    "name": "Fraise Barquette 500g",
    "brand": "Barquette",
    "category": "fruit_frais",
    "subcategory": "fraise",
    "price": 2.84,
    "price_per_unit": 5.68,
    "unit": "kg",
    "quantity": "500g",
    "is_bio": false,
    "is_vegan": false,
    "is_available": true,
    "url": "https://drive.carrefour.fr/product/PRD_0319",
    "image_url": "https://images.carrefour.fr/PRD_0319.jpg"
  },
  {
    "id": "PRD_0320",
    "name": "Citron Vrac kg",
    "brand": "Vrac",
    "category": "fruit_frais",
    "subcategory": "citron",
    "price": 2.99,
    "price_per_unit": 2.99,
    "unit": "unité",
    "quantity": "kg",
    "is_bio": false,
    "is_vegan": false,
    "is_available": true,
    "url": "https://drive.carrefour.fr/product/PRD_0320",
    "image_url": "https://images.carrefour.fr/PRD_0320.jpg"
  },
  {
    "id": "PRD_0321",
    "name": "Citron Filet 500g",
    "brand": "Filet",
    "category": "fruit_frais",
    "subcategory": "citron",
    "price": 1.99,
    "price_per_unit": 3.98,
    "unit": "kg",
    "quantity": "500g",
    "is_bio": false,
    "is_vegan": false,
    "is_available": true,
    "url": "https://drive.carrefour.fr/product/PRD_0321",
    "image_url": "https://images.carrefour.fr/PRD_0321.jpg"
  },
  {
    "id": "PRD_0322",
    "name": "Gel Douche Dove 250ml",
    "brand": "Dove",
    "category": "hygiene",
    "subcategory": "gel_douche",
    "price": 3.49,
    "price_per_unit": 13.96,
    "unit": "L",
    "quantity": "250ml",
    "is_bio": false,
    "is_vegan": false,
    "is_available": true,
    "url": "https://drive.carrefour.fr/product/PRD_0322",
    "image_url": "https://images.carrefour.fr/PRD_0322.jpg"
  },
  {
    "id": "PRD_0323",
    "name": "Gel Douche Dove 500ml",
    "brand": "Dove",
    "category": "hygiene",
    "subcategory": "gel_douche",
    "price": 3.49,
    "price_per_unit": 6.98,
    "unit": "L",
    "quantity": "500ml",
    "is_bio": false,
    "is_vegan": false,
    "is_available": true,
    "url": "https://drive.carrefour.fr/product/PRD_0323",
    "image_url": "https://images.carrefour.fr/PRD_0323.jpg"
  },
  {
    "id": "PRD_0324",
    "name": "Gel Douche Nivea 250ml",
    "brand": "Nivea",
    "category": "hygiene",
    "subcategory": "gel_douche",
    "price": 2.99,
    "price_per_unit": 11.96,
    "unit": "L",
    "quantity": "250ml",
    "is_bio": false,
    "is_vegan": false,
    "is_available": true,
    "url": "https://drive.carrefour.fr/product/PRD_0324",
    "image_url": "https://images.carrefour.fr/PRD_0324.jpg"
  },
  {
    "id": "PRD_0325",
    "name": "Gel Douche Carrefour 250ml",
    "brand": "Carrefour",
    "category": "hygiene",
    "subcategory": "gel_douche",
    "price": 1.49,
    "price_per_unit": 5.96,
    "unit": "L",
    "quantity": "250ml",
    "is_bio": false,
    "is_vegan": false,
    "is_available": true,
    "url": "https://drive.carrefour.fr/product/PRD_0325",
    "image_url": "https://images.carrefour.fr/PRD_0325.jpg"
  },
  {
    "id": "PRD_0326",
    "name": "Shampoing Head & Shoulders 250ml",
    "brand": "Head & Shoulders",
    "category": "hygiene",
    "subcategory": "shampoing",
    "price": 4.99,
    "price_per_unit": 19.96,
    "unit": "L",
    "quantity": "250ml",
    "is_bio": false,
    "is_vegan": false,
    "is_available": true,
    "url": "https://drive.carrefour.fr/product/PRD_0326",
    "image_url": "https://images.carrefour.fr/PRD_0326.jpg"
  },
  {
    "id": "PRD_0327",
    "name": "Shampoing Head & Shoulders 500ml",
    "brand": "Head & Shoulders",
    "category": "hygiene",
    "subcategory": "shampoing",
    "price": 4.99,
    "price_per_unit": 9.98,
    "unit": "L",
    "quantity": "500ml",
    "is_bio": false,
    "is_vegan": false,
    "is_available": true,
    "url": "https://drive.carrefour.fr/product/PRD_0327",
    "image_url": "https://images.carrefour.fr/PRD_0327.jpg"
  },
  {
    "id": "PRD_0328",
    "name": "Shampoing Elseve 250ml",
    "brand": "Elseve",
    "category": "hygiene",
    "subcategory": "shampoing",
    "price": 3.99,
    "price_per_unit": 15.96,
    "unit": "L",
    "quantity": "250ml",
    "is_bio": false,
    "is_vegan": false,
    "is_available": true,
    "url": "https://drive.carrefour.fr/product/PRD_0328",
    "image_url": "https://images.carrefour.fr/PRD_0328.jpg"
  },
  {
    "id": "PRD_0329",
    "name": "Shampoing Carrefour 250ml",
    "brand": "Carrefour",
    "category": "hygiene",
    "subcategory": "shampoing",
    "price": 1.99,
    "price_per_unit": 7.96,
    "unit": "L",
    "quantity": "250ml",
    "is_bio": false,
    "is_vegan": false,
    "is_available": true,
    "url": "https://drive.carrefour.fr/product/PRD_0329",
    "image_url": "https://images.carrefour.fr/PRD_0329.jpg"
  },
  {
    "id": "PRD_0330",
    "name": "Dentifrice Colgate 75ml",
    "brand": "Colgate",
    "category": "hygiene",
    "subcategory": "dentifrice",
    "price": 2.49,
    "price_per_unit": 33.2,
    "unit": "L",
    "quantity": "75ml",
    "is_bio": false,
    "is_vegan": false,
    "is_available": true,
    "url": "https://drive.carrefour.fr/product/PRD_0330",
    "image_url": "https://images.carrefour.fr/PRD_0330.jpg"
  },
  {
    "id": "PRD_0331",
    "name": "Dentifrice Colgate 100ml",
    "brand": "Colgate",
    "category": "hygiene",
    "subcategory": "dentifrice",
    "price": 2.49,
    "price_per_unit": 24.9,
    "unit": "L",
    "quantity": "100ml",
    "is_bio": false,
    "is_vegan": false,
    "is_available": true,
    "url": "https://drive.carrefour.fr/product/PRD_0331",
    "image_url": "https://images.carrefour.fr/PRD_0331.jpg"
  },
  {
    "id": "PRD_0332",
    "name": "Dentifrice Signal 75ml",
    "brand": "Signal",
    "category": "hygiene",
    "subcategory": "dentifrice",
    "price": 2.29,
    "price_per_unit": 30.53,
    "unit": "L",
    "quantity": "75ml",
    "is_bio": false,
    "is_vegan": false,
    "is_available": true,
    "url": "https://drive.carrefour.fr/product/PRD_0332",
    "image_url": "https://images.carrefour.fr/PRD_0332.jpg"
  },
  {
    "id": "PRD_0333",
    "name": "Dentifrice Carrefour 75ml",
    "brand": "Carrefour",
    "category": "hygiene",
    "subcategory": "dentifrice",
    "price": 0.99,
    "price_per_unit": 13.2,
    "unit": "L",
    "quantity": "75ml",
    "is_bio": false,
    "is_vegan": false,
    "is_available": true,
    "url": "https://drive.carrefour.fr/product/PRD_0333",
    "image_url": "https://images.carrefour.fr/PRD_0333.jpg"
  },
  {
    "id": "PRD_0334",
    "name": "Papier Toilette Lotus x6",
    "brand": "Lotus",
    "category": "hygiene",
    "subcategory": "papier_toilette",
    "price": 4.99,
    "price_per_unit": 4.99,
    "unit": "unité",
    "quantity": "x6",
    "is_bio": false,
    "is_vegan": false,
    "is_available": true,
    "url": "https://drive.carrefour.fr/product/PRD_0334",
    "image_url": "https://images.carrefour.fr/PRD_0334.jpg"
  },
  {
    "id": "PRD_0335",
    "name": "Papier Toilette Lotus x12",
    "brand": "Lotus",
    "category": "hygiene",
    "subcategory": "papier_toilette",
    "price": 10.98,
    "price_per_unit": 10.98,
    "unit": "unité",
    "quantity": "x12",
    "is_bio": false,
    "is_vegan": false,
    "is_available": true,
    "url": "https://drive.carrefour.fr/product/PRD_0335",
    "image_url": "https://images.carrefour.fr/PRD_0335.jpg"
  },
  {
    "id": "PRD_0336",
    "name": "Papier Toilette Okay x6",
    "brand": "Okay",
    "category": "hygiene",
    "subcategory": "papier_toilette",
    "price": 3.99,
    "price_per_unit": 3.99,
    "unit": "unité",
    "quantity": "x6",
    "is_bio": false,
    "is_vegan": false,
    "is_available": true,
    "url": "https://drive.carrefour.fr/product/PRD_0336",
    "image_url": "https://images.carrefour.fr/PRD_0336.jpg"
  },
  {
    "id": "PRD_0337",
    "name": "Papier Toilette Carrefour x6",
    "brand": "Carrefour",
    "category": "hygiene",
    "subcategory": "papier_toilette",
    "price": 2.99,
    "price_per_unit": 2.99,
    "unit": "unité",
    "quantity": "x6",
    "is_bio": false,
    "is_vegan": false,
    "is_available": false,
    "url": "https://drive.carrefour.fr/product/PRD_0337",
    "image_url": "https://images.carrefour.fr/PRD_0337.jpg"
  },
  {
    "id": "PRD_0338",
    "name": "Papier Toilette Carrefour x12",
    "brand": "Carrefour",
    "category": "hygiene",
    "subcategory": "papier_toilette",
    "price": 6.58,
    "price_per_unit": 6.58,
    "unit": "unité",
    "quantity": "x12",
    "is_bio": false,
    "is_vegan": false,
    "is_available": true,
    "url": "https://drive.carrefour.fr/product/PRD_0338",
    "image_url": "https://images.carrefour.fr/PRD_0338.jpg"
  },
  {
    "id": "PRD_0339",
    "name": "Savon Dove 100g",
    "brand": "Dove",
    "category": "hygiene",
    "subcategory": "savon",
    "price": 1.99,
    "price_per_unit": 19.9,
    "unit": "kg",
    "quantity": "100g",
    "is_bio": false,
    "is_vegan": false,
    "is_available": true,
    "url": "https://drive.carrefour.fr/product/PRD_0339",
    "image_url": "https://images.carrefour.fr/PRD_0339.jpg"
  },
  {
    "id": "PRD_0340",
    "name": "Savon Dove x4",
    "brand": "Dove",
    "category": "hygiene",
    "subcategory": "savon",
    "price": 1.99,
    "price_per_unit": 1.99,
    "unit": "unité",
    "quantity": "x4",
    "is_bio": false,
    "is_vegan": false,
    "is_available": true,
    "url": "https://drive.carrefour.fr/product/PRD_0340",
    "image_url": "https://images.carrefour.fr/PRD_0340.jpg"
  },
  {
    "id": "PRD_0341",
    "name": "Savon Le Petit Marseillais 250ml",
    "brand": "Le Petit Marseillais",
    "category": "hygiene",
    "subcategory": "savon",
    "price": 2.49,
    "price_per_unit": 9.96,
    "unit": "L",
    "quantity": "250ml",
    "is_bio": false,
    "is_vegan": false,
    "is_available": true,
    "url": "https://drive.carrefour.fr/product/PRD_0341",
    "image_url": "https://images.carrefour.fr/PRD_0341.jpg"
  },
  {
    "id": "PRD_0342",
    "name": "Guacamole Carrefour 200g",
    "brand": "Carrefour",
    "category": "aperitif",
    "subcategory": "guacamole",
    "price": 2.49,
    "price_per_unit": 12.45,
    "unit": "kg",
    "quantity": "200g",
    "is_bio": false,
    "is_vegan": false,
    "is_available": true,
    "url": "https://drive.carrefour.fr/product/PRD_0342",
    "image_url": "https://images.carrefour.fr/PRD_0342.jpg"
  },
  {
    "id": "PRD_0343",
    "name": "Guacamole Old El Paso 215g",
    "brand": "Old El Paso",
    "category": "aperitif",
    "subcategory": "guacamole",
    "price": 2.99,
    "price_per_unit": 13.91,
    "unit": "kg",
    "quantity": "215g",
    "is_bio": false,
    "is_vegan": false,
    "is_available": true,
    "url": "https://drive.carrefour.fr/product/PRD_0343",
    "image_url": "https://images.carrefour.fr/PRD_0343.jpg"
  },
  {
    "id": "PRD_0344",
    "name": "Houmous Carrefour 200g",
    "brand": "Carrefour",
    "category": "aperitif",
    "subcategory": "houmous",
    "price": 1.99,
    "price_per_unit": 9.95,
    "unit": "kg",
    "quantity": "200g",
    "is_bio": false,
    "is_vegan": false,
    "is_available": true,
    "url": "https://drive.carrefour.fr/product/PRD_0344",
    "image_url": "https://images.carrefour.fr/PRD_0344.jpg"
  },
  {
    "id": "PRD_0345",
    "name": "Houmous Yarden 250g",
    "brand": "Yarden",
    "category": "aperitif",
    "subcategory": "houmous",
    "price": 3.49,
    "price_per_unit": 13.96,
    "unit": "kg",
    "quantity": "250g",
    "is_bio": false,
    "is_vegan": false,
    "is_available": true,
    "url": "https://drive.carrefour.fr/product/PRD_0345",
    "image_url": "https://images.carrefour.fr/PRD_0345.jpg"
  },
  {
    "id": "PRD_0346",
    "name": "Tzatziki Carrefour 200g",
    "brand": "Carrefour",
    "category": "aperitif",
    "subcategory": "tzatziki",
    "price": 1.89,
    "price_per_unit": 9.45,
    "unit": "kg",
    "quantity": "200g",
    "is_bio": false,
    "is_vegan": false,
    "is_available": true,
    "url": "https://drive.carrefour.fr/product/PRD_0346",
    "image_url": "https://images.carrefour.fr/PRD_0346.jpg"
  },
  {
    "id": "PRD_0347",
    "name": "Olives Tramier 200g",
    "brand": "Tramier",
    "category": "aperitif",
    "subcategory": "olives",
    "price": 2.29,
    "price_per_unit": 11.45,
    "unit": "kg",
    "quantity": "200g",
    "is_bio": false,
    "is_vegan": false,
    "is_available": true,
    "url": "https://drive.carrefour.fr/product/PRD_0347",
    "image_url": "https://images.carrefour.fr/PRD_0347.jpg"
  },
  {
    "id": "PRD_0348",
    "name": "Olives Carrefour 200g",
    "brand": "Carrefour",
    "category": "aperitif",
    "subcategory": "olives",
    "price": 1.49,
    "price_per_unit": 7.45,
    "unit": "kg",
    "quantity": "200g",
    "is_bio": false,
    "is_vegan": false,
    "is_available": true,
    "url": "https://drive.carrefour.fr/product/PRD_0348",
    "image_url": "https://images.carrefour.fr/PRD_0348.jpg"
  },
  {
    "id": "PRD_0349",
    "name": "Cacahuetes Bénénuts 200g",
    "brand": "Bénénuts",
    "category": "aperitif",
    "subcategory": "cacahuetes",
    "price": 2.99,
    "price_per_unit": 14.95,
    "unit": "kg",
    "quantity": "200g",
    "is_bio": false,
    "is_vegan": false,
    "is_available": true,
    "url": "https://drive.carrefour.fr/product/PRD_0349",
    "image_url": "https://images.carrefour.fr/PRD_0349.jpg"
  },
  {
    "id": "PRD_0350",
    "name": "Cacahuetes Bénénuts 400g",
    "brand": "Bénénuts",
    "category": "aperitif",
    "subcategory": "cacahuetes",
    "price": 2.99,
    "price_per_unit": 7.48,
    "unit": "kg",
    "quantity": "400g",
    "is_bio": false,
    "is_vegan": false,
    "is_available": true,
    "url": "https://drive.carrefour.fr/product/PRD_0350",
    "image_url": "https://images.carrefour.fr/PRD_0350.jpg"
  },
  {
    "id": "PRD_0351",
    "name": "Cacahuetes Carrefour 250g",
    "brand": "Carrefour",
    "category": "aperitif",
    "subcategory": "cacahuetes",
    "price": 1.79,
    "price_per_unit": 7.16,
    "unit": "kg",
    "quantity": "250g",
    "is_bio": false,
    "is_vegan": false,
    "is_available": true,
    "url": "https://drive.carrefour.fr/product/PRD_0351",
    "image_url": "https://images.carrefour.fr/PRD_0351.jpg"
  }
]